1773 3073
146 112 167 147 76
366 108 478 142 THEODORI
489 108 638 143 MOPSVESTENI

146 220 226 265 πόντων
241 216 348 273 εὐεργετεῖν
368 215 416 267 έθος
434 220 463 276 τῶ
482 220 524 278 θεῷ
541 215 589 268 τούς
606 216 725 275 ἀγαπῶντας
742 213 814 268 αύτόν,
836 214 857 259 ἀ·

147 299 227 350 μθονον
240 287 308 338 αὐτοῖς
321 291 361 332 τῶν
381 287 465 344 ἀγαθῶν
483 288 520 346 τὴν
534 292 630 346 χορηγίαν
644 286 787 347 παρεχόμενος,
809 284 858 335 ῶστε

146 365 177 408 καί
196 359 235 407 ἀπό
253 362 292 404 τῶν
310 358 425 405 δοκούντων
440 358 491 405 είναι
510 364 606 418 λνπηρῶν
620 364 711 419 μείζονας
725 358 793 411 αὐτοῖς
810 357 859 411 τούς

87 489 89 492 Ι
145 435 238 482 αίωνίονς
259 432 400 487 προξενείσθαι
422 430 514 489 μισθούς,
544 436 617 485 Καλῶς
638 433 659 478 δέ
680 436 740 476 τούτο
763 433 858 488 οίδαμεν,

130 502 211 561 κάπειδὴ
227 501 306 559 σφόδρα
321 500 476 561 ὡμολογημένον
491 503 529 560 ἔφη
540 507 632 561 πράγμα,
647 502 722 555 παντὸς
732 502 812 554 ούτινος
822 496 859 546 ούν

144 576 220 633 πάνογε
235 576 398 632 σννθησομένον,
415 576 445 620 ότι
459 581 500 627 τοῖς
515 574 618 632 ἀγαπῶσιν
633 576 695 620 αὐτόν
710 574 794 631 ἀγαθῶν
811 572 860 630 πρό-

144 650 200 703 ξενος
213 648 289 705 γίνεται
302 645 362 704 θεός,
373 647 429 693 ’όπον
443 665 465 706 γε
479 648 511 693 καί
521 647 690 706 πλημμελούντων
705 645 803 705 ἀνέχεται,
820 643 861 704 ἡλί-

146 739 170 766 ον
182 738 202 766 τε
217 718 317 778 ἀνατολὴν
332 723 364 766 καί
378 719 442 766 ύετῶν
456 723 552 779 χορηγίαν
567 719 635 774 αὐτοῖς
644 719 778 779 χαριζόμενος.
808 716 860 764 Εἶτα

144 794 177 837 καί
192 791 217 836 δι’
231 790 352 845 ἀποδείξεων
367 793 415 851 όπερ
431 794 482 850 έφην
493 791 635 850 πιστούμενος·
650 798 692 845 τοῖς
701 791 751 837 κακοί
761 789 860 849 πρόθεσιν

120 870 223 921 ιοκλητοῖς
238 858 292 908 ούσι·
307 863 385 908 τούτων
400 864 438 921 γάρ
453 865 497 923 ᾔδει
510 866 543 909 καί
558 864 620 910 πύλαι
634 864 645 909 δ
659 864 708 916 θεός
721 863 758 921 τὴν
770 864 815 920 περί
825 861 860 906 αό-

145 939 185 981 τῶν
200 933 307 993 πρόθεσιν,
329 934 361 980 οἷύ
375 952 405 988 τις
420 936 485 991 έσται,
506 935 555 981 ὅθεν
574 936 649 989 αύτούς
666 937 699 981 καί
718 935 809 980 έκάλεσεν
829 935 861 979 έπί

145 1011 173 1069 τῶ
187 1011 223 1065 τῆς
237 1009 310 1059 οίκείας
324 1005 383 1061 ἀξίως
397 1012 477 1065 τιμῆσαι
491 1007 631 1066 προαιρέσεως.

187 1079 246 1133 VIII,
262 1084 294 1124 37.
323 1078 410 1132 Λεικνύς
425 1078 455 1125 ότι
469 1079 518 1138 μηδὲ
532 1078 569 1138 τὴν
578 1078 684 1139 βαρύτητα
699 1077 786 1125 δεδιέναι
800 1088 862 1135 προσ-

146 1151 189 1211 ηκει
202 1156 243 1197 τῶν
257 1152 386 1209 ἐπαγομένων
400 1156 475 1208 κακῶν,
496 1152 575 1205 εἰκότως
593 1151 702 1211 ἐπήγαγεν·
723 1150 764 1197 ἀλλ’
780 1151 801 1196 έν
815 1151 862 1196 τού-

122 1242 189 1276 ιετοις
202 1227 264 1268 πάσιν
277 1222 415 1283 ύπερνικῶμεν
430 1224 464 1269 διά
477 1228 514 1269 τού
529 1224 669 1283 ἀγαπήσαντος
683 1223 746 1283 ἡμᾶς’
766 1222 811 1282 παρ’
827 1222 861 1268 αύ-

147 1301 184 1341 τού
197 1296 236 1355 γάρ
251 1294 298 1354 ἡμῖν
312 1299 345 1341 καί
359 1296 382 1341 τό
397 1300 472 1342 δοκούν
485 1295 537 1341 εἶναι
551 1297 604 1355 βαρύ
619 1301 659 1341 τῶν
673 1290 763 1351 θλίψεων
782 1296 862 1340 έπικον-

148 1371 234 1426 φίζεται,
256 1366 404 1425 ἀνεπαίσθητον
418 1373 442 1426 τῇ
457 1367 502 1426 παρ’
518 1367 581 1412 αύτού
596 1371 700 1428 σννεργείμ
713 1372 753 1412 τῶν
767 1370 862 1424 λοπηρῶν

149 1439 281 1498 ἐργαζομένου
295 1438 332 1498 την
346 1442 422 1496 πείραν.

190 1516 246 1565 VIII,
262 1517 295 1557 38.
325 1516 398 1565 Καλῶς
411 1512 434 1557 τό
448 1512 553 1570 πέπεισμαι
567 1511 629 1565 εἶπεν,
652 1511 679 1565 ῶς
697 1511 722 1557 ἀν
740 1510 777 1556 οὐκ
796 1511 824 1556 έτι
838 1515 862 1570 τῇ

124 1603 143 1632 νο
151 1588 213 1645 οίκείηι
227 1583 319 1640 δννόμει,
334 1589 358 1643 τῇ
373 1585 393 1630 δέ
408 1589 444 1630 τού
455 1589 543 1642 Χριστοῦ
554 1587 657 1645 σννεργείμ
666 1585 689 1630 τό
699 1589 740 1630 πάν
751 1583 861 1641 ἐπιτρέψας.

154 1657 182 1702 Τό
197 1658 233 1714 μέν
248 1650 286 1701 οόν
300 1656 346 1701 ούτε
360 1655 449 1709 θάνατος
464 1656 510 1702 ούτε
525 1655 622 1714 ζωηάντί
636 1661 672 1702 τοῦ
685 1656 731 1701 ούτε
744 1655 769 1701 τδι
787 1654 866 1714 λνπηρά

152 1729 197 1774 ούτε
212 1726 236 1773 τά
251 1727 302 1784 ἀγαν
316 1725 374 1784 ἡδέα,
389 1727 412 1773 τό
427 1728 448 1773 δέ
463 1727 509 1773 ούτε
524 1728 613 1785 ἀγγελοι,
629 1728 675 1774 ούτε
690 1727 756 1786 ἀρχαί,
772 1727 818 1776 ούτε
828 1730 866 1775 ,δν-

151 1801 220 1857 νάμεις
234 1802 296 1857 δῆλον
309 1798 346 1856 μέν
360 1799 391 1844 ότι
404 1799 440 1852 κάς
454 1799 553 1859 ἀοράτονς
567 1801 618 1858 λέγει
632 1800 714 1859 φύσεις·
734 1799 835 1859 έβονληθη
846 1800 867 1844 δέ

152 1875 185 1918 ααί
199 1871 238 1918 ἀπό
252 1876 286 1930 τῆς
305 1872 384 1917 ἐκείνων
403 1873 525 1927 ἀξιοπιστίας
544 1875 614 1929 δείξαι,
636 1873 667 1920 ότι
685 1872 750 1918 πάντα
771 1872 867 1918 έλάττονα

126 1944 204 1990 ισείναι
213 1948 248 2002 τῆς
260 1943 361 2002 ἐὐσεβείας
375 1944 487 2002 νενόμικεν·
502 1944 525 1989 τό
540 1945 607 2002 μέντοι
622 1946 667 1990 οίίτε
681 1945 755 2003 ὕψωμα
771 1945 817 1989 ούτε
831 1943 866 2002 βοί-

152 2024 201 2074 θος,
223 2015 275 2062 τοῦτ’
291 2018 344 2062 έστιν
358 2018 404 2063 ούτε
418 2017 442 2063 τό
457 2017 508 2075 ἀγαν
523 2017 585 2071 ἀδοξα
600 2017 646 2063 ούτε
660 2016 700 2076 μην
717 2017 741 2064 τύ
761 2017 812 2075 ἀγαν
827 2017 868 2062 έπί-

153 2092 212 2146 δοξα,
235 2089 400 2149 θανμασιιότερον
417 2089 445 2134 δέ.
472 2088 575 2134 Ἁπόντων
593 2090 632 2149 γάρ
646 2094 681 2149 της
695 2094 735 2135 τῶν
754 2089 867 2148 μελλόντων

152 2164 275 2221 προσδοκίας
289 2162 355 2208 ένεκεν
370 2162 448 2208 ἀπαντα
462 2162 647 2220 διαπραττομένων,
665 2163 714 2208 όίστε
729 2164 817 2209 έκκλίναι
831 2163 868 2221 μέν

153 2236 190 2294 τὴν
210 2234 334 2293 ἐπαγομένην
353 2233 397 2279 τότε
416 2240 458 2287 τοῖς
477 2232 554 2292 ἀσεβέσι
573 2234 627 2294 παρά
645 2239 681 2280 τού
696 2240 746 2281 θεοῦ
761 2237 868 2295 τιμωρίαν,

129 2308 268 2354 εοάπολαύσαι
283 2306 304 2351 δέ
318 2310 359 2352 τῶν
373 2306 524 2365 ἡτοιμασμένων
538 2312 580 2359 τοῖς
590 2306 693 2364 ἀγαπῶσιν
703 2307 766 2354 αύτόν
777 2309 867 2367 ἀγαθῶν,

155 2380 215 2433 αάτός
229 2379 278 2438 μηδὲ
293 2377 326 2424 ὑπ’
343 2380 422 2424 ἐκείνων
432 2378 483 2435 λέγει
492 2381 527 2436 τῆς
537 2376 636 2436 εὐσεβείας
648 2379 774 2432 ἐξίστασθαι,
789 2379 868 2432 εἰκότως

200 2529 281 2562 4.Scribi
293 2528 359 2562 malim:
376 2523 431 2561 δέτό.
455 2534 470 2560 ε.
482 2526 500 2558 V.
512 2520 616 2559 διέίίλιιίε
628 2526 681 2559 abest.
706 2526 797 2569 1³.Spic.,
815 2538 829 2561 ο.
843 2527 869 2560 Gr.

155 2599 172 2631 ρ.
185 2588 221 2622 λὸλ.
245 2596 270 2622 ιε.
283 2589 319 2622 Hoc
330 2589 390 2631 fragm.
403 2588 420 2621 in
433 2597 447 2620 ο.
460 2587 514 2621 eram.
526 2596 560 2619 non
571 2586 638 2628 legitur.
662 2594 687 2619 ετ.
700 2586 716 2621 C.
729 2588 794 2623 Monam
808 2587 829 2629 [c.
843 2587 869 2621 Gr.

157 2660 173 2691 p.
184 2648 239 2691 mm:
257 2647 277 2684 Θ.
290 2646 379 2692 Μονάχον,
397 2642 423 2682 Ἥ
432 2643 513 2682 ἐνεστῶτα
524 2644 554 2680 καί
565 2642 646 2689 μέλλοντα
657 2644 678 2679 τδι
690 2644 767 2691 παρόντα
779 2646 830 2692 φησίν
841 2645 869 2681 καί

157 2707 182 2746 τύ,
190 2705 321 2752 προσδοκώμενα
329 2704 402 2754 φοβεροί,
413 2705 442 2741 καί
453 2700 517 2752 ίίιμωμα
529 2702 559 2750 μέν
571 2704 593 2739 τοί
605 2700 648 2750 ἀγαν
660 2702 738 2752 ἐπίδοξα,
751 2704 807 2754 βάθος
819 2704 837 2742 δέ
849 2705 870 2741 τίι

158 2765 201 2813 ἀγαν
210 2761 270 2810 ἀδοξα.
292 2770 315 2803 ib.
327 2770 352 2804 Ita
364 2772 410 2802 τοοῑο
421 2770 472 2804 hahet
484 2768 571 2804 sententia.
590 2767 694 2812 Quamquam
703 2769 731 2803 hio
741 2771 809 2812 βονιαωο
821 2779 869 2814 quae-

158 2832 197 2879 dam
209 2828 306 2863 exciderunt
317 2832 333 2863 ολ
344 2830 375 2862 Th.
387 2830 410 2863 ita
421 2830 497 2872 scripsit:
510 2825 652 2872 (θανμασιιότερον
664 2824 682 2862 δέ
693 2827 721 2863 κδ’
734 2825 769 2863 ἀπὸ
780 2829 811 2873 τῆς
822 2825 866 2873 ἀγ.-

158 2887 215 2935 ἡμῶν
227 2890 283 2931 (Rom.
295 2890 313 2931 8,
326 2890 360 2933 39.)
372 2885 454 2924 ἀκόντων
465 2888 497 2934 γὰρ
507 2911 529 2923 -.
