1773 3073
121 55 153 92 162
321 80 324 87 .
339 53 453 89 THEODORI
464 54 614 91 MOPSVESTENI

123 162 154 207 έπί
169 161 268 219 συντελείᾳ
283 158 346 203 αύτού
360 162 397 203 τού
411 157 512 217 παρόντος
526 160 572 217 βίον
591 157 697 217 γινομένης
714 155 836 215 νοούμενον,

122 236 166 291 περί
185 226 210 277 οδ
228 231 249 275 έν
269 236 310 282 τοῖς
329 229 450 288 εὐαγγελίοις
468 229 563 289 δαύριος
578 233 647 290 φησίν·
671 230 716 275 6606
737 228 775 288 ἐμαί
792 227 837 287 μεθ’

122 305 179 364 ἁμῶν
198 303 236 360 είμί
255 300 321 354 πάσας
335 302 371 355 τάς
385 301 460 363 ἡμέρας
475 304 511 357 ἕως
525 308 560 362 τῆς
575 306 687 356 συντελείας
701 307 738 348 τοῦ
756 305 838 358 αἰῶνος,

123 378 146 423 δν
164 375 188 434 66
207 375 240 420 ταί
259 375 356 420 ένεστύτα
376 374 439 421 ἁιῶνα
459 374 469 421 6
491 375 602 430 ἀπόστολος
621 376 681 434 λέχει,
702 374 754 421 οίίτω
772 378 839 421 ααλων

107 447 194 499 ῡαύτόν,
216 444 243 499 ύς
262 446 289 492 δν
307 448 328 492 έν
347 447 401 509 αύτῷ
420 447 457 506 τὴν
476 453 582 506 παροῦσαν
596 450 678 505 ταυτηνὶ
694 447 745 506 ζωὴν
760 446 839 502 ζώντων

121 520 183 579 ἡμῶν.
213 523 260 571 Πῶς
279 514 317 565 ούν
335 519 360 565 ἁν
377 519 455 577 μένοιτο
472 519 580 579 διάστημα,
604 519 615 564 6
629 520 679 577 μηδέ
694 520 715 564 έν
731 517 840 564 ὑποστάσει

122 598 233 649 θεωρεῖται,
250 589 263 648 δ
277 590 340 634 ναλδν
354 590 368 648 ἢ
382 592 445 640 πανόν
459 592 510 635 τιατὰ
525 592 596 649 φύσινς
619 591 660 635 ἁλλ’
678 590 727 651 ὅπερ
746 589 839 649 βούλεται

122 667 183 709 εἰπεῖν
198 660 208 706 6
224 660 335 714 ἀπόστολος
349 663 410 707 τούτό
425 665 483 707 έστιν.
506 661 529 707 Ὁ
543 668 622 720 πρῶτος
637 662 746 722 ἁνδρωπος
759 660 786 714 ιδς
801 662 840 719 έχέ-

121 753 175 789 νετο,
196 736 213 779 εί
233 734 269 790 μέν
284 734 387 787 ἁδάνατος
403 737 488 792 ἔμεινεν,
511 734 593 788 ένεστιδς
608 738 651 793 βίος
666 734 703 779 ούα
718 733 744 780 ἁν
758 729 792 792 ἦν,
808 734 841 779 ἁτε

98 806 146 866 ινδίχ
161 806 217 859 τέλος
232 805 269 852 ούιι
284 806 343 866 έχων·
359 806 426 866 ἐπειδὴ
440 807 462 853 δέ
471 806 547 867 θνητός
557 807 633 866 έχένετο
643 806 676 853 διά
685 805 722 866 τὴν
732 804 840 866 ἁμαρτίαν,

123 879 206 933 ένεστὰς
219 885 307 925 πωλεῖται
322 883 365 938 βίος
380 878 406 932 ἁς
421 880 473 933 είιιδς
487 880 499 939 η
514 884 607 938 παρούσα
622 880 660 939 ζωὴ
675 879 726 938 πρός
743 879 780 939 τὴν
797 880 842 938 μέλ-

123 959 200 998 λουσαν
214 951 309 1009 ὕστερον
324 953 346 997 έν
356 951 418 1012 ταύτη
429 953 465 1010 μέν
476 948 514 998 οὖν
523 955 556 998 ταί
566 951 687 1010 ἁμαρτάνειν
697 951 840 1011 έπιδεχόμεδα,

124 1026 173 1072 όδεν
187 1026 220 1069 καί
235 1027 325 1082 νομίμων
344 1022 392 1082 ἡμῖν
412 1027 478 1083 χρεία,
498 1026 528 1069 έττί
547 1024 568 1070 δέ
586 1042 608 1082 με
624 1028 661 1069 τού
675 1025 782 1082 μέλλοντος
796 1026 842 1069 αἰω-

124 1114 159 1149 νος
174 1096 221 1142 ούδέ
236 1095 342 1150 διατάξεως
356 1098 411 1154 χρεία
426 1094 474 1153 ἡμῖν
488 1095 552 1148 τινός,
568 1097 646 1155 ἐπείπερ
657 1096 694 1150 ἔξω
703 1095 769 1155 πάσης
779 1093 843 1153 ἁμαρ-

101 1171 167 1221 ιιτίας
187 1172 210 1227 τῇ
225 1172 261 1212 τοῦ
276 1166 389 1224 πνεύματος
403 1167 468 1226 χάριτι
483 1166 632 1225 φυλαττόμεθα.
662 1167 761 1215 Βούλεται
774 1171 843 1212 τοίνυν

127 1245 195 1295 εἰπεῖν,
217 1238 247 1284 ότι
266 1239 345 1285 δέδοται
363 1240 399 1297 μέν
418 1238 429 1285 6
446 1240 517 1296 νόμος,
540 1238 626 1298 ἁμαρτία
644 1240 665 1284 δέ
685 1239 723 1285 ούιι
743 1238 841 1299 ἀνῄρητο,

127 1313 177 1359 ἁλλὰ
194 1311 232 1370 χὰρ
249 1313 282 1356 ααλ
299 1311 379 1369 σφόδρα
397 1310 445 1369 ἡμίν
460 1311 592 1357 ἐπολιτεύετο
617 1311 683 1369 ἐπειδὴ
698 1311 737 1369 γάρ
752 1310 843 1356 ένάστοτε

127 1386 273 1442 παρεβαίνομεν
286 1384 334 1427 ποτέ
348 1383 384 1439 μέν
398 1386 472 1437 ταῦτα,
493 1383 541 1427 ποτέ
561 1383 582 1426 δέ
603 1384 667 1427 έαελνα
686 1383 742 1442 παρά
756 1382 793 1442 τὴν
807 1388 844 1426 τού

127 1456 192 1513 νόμον
212 1453 377 1511 διαπραττόμενοι
396 1454 495 1508 διάταξιν,
516 1457 549 1498 καί
563 1450 589 1511 ἦν
609 1454 669 1499 οὐδέν
685 1454 708 1499 τό
726 1459 763 1499 τού
782 1453 844 1513 ἁμαρ-

102 1527 195 1574 ιοτάνειν
210 1524 261 1585 ἁμάς
275 1525 385 1585 ῥυόμενον,
400 1524 450 1570 ἁλλὰ
461 1525 511 1584 αὕτη
522 1524 534 1583 ἡ
544 1530 579 1583 τῆς
589 1525 669 1584 φύσεως
684 1525 780 1573 ἁσδένεια
795 1532 846 1572 ταδ-

128 1605 191 1646 εῐλτιεν
206 1600 238 1643 ἐπὶ
255 1597 278 1643 τό
297 1600 382 1650 πταίειν,
398 1595 409 1642 6
424 1597 445 1643 δέ
459 1615 481 1655 με
496 1597 581 1654 Χριστός
596 1596 708 1643 ἁποδανιδν
722 1597 774 1656 ἁπέρ
789 1598 845 1656 ἡμῶν

128 1674 161 1717 ταὶ
176 1669 273 1724 ἁναστὰς,
294 1669 445 1728 παρασχόμενος
461 1667 485 1714 δι’
505 1667 569 1714 αὐτού
586 1671 619 1714 ναί
633 1667 681 1727 ἡμῖν
695 1670 732 1728 τὴν
746 1674 782 1727 τῆς
797 1668 845 1715 ἁνα-

129 1743 215 1795 στάσεως
235 1744 350 1800 μετουσίαν,
372 1740 483 1800 άπήλλαξεν
500 1739 552 1800 ἡμὰς
571 1745 606 1798 τῆς
625 1745 661 1793 τού
680 1741 781 1799 παρόντος
800 1745 846 1801 βίον

130 1822 189 1876 ζωῆς,
212 1817 233 1861 έν
251 1810 263 1875 ᾖ
280 1814 344 1860 πολλά
361 1819 401 1859 τῶν
416 1812 441 1859 ού
455 1812 598 1872 προσηκόντων
617 1813 790 1872 διαπραττόμεδα,
813 1817 847 1860 ναὶ

104 1890 246 1947 νναατέστησεν
261 1887 292 1933 έπί
307 1887 371 1932 έλπίδι
384 1890 418 1945 της
433 1885 542 1945 μελλούσης
557 1891 616 1946 ζωῆς,
631 1886 703 1933 λοιπόν
716 1886 816 1934 άδὰνατοί
826 1906 846 1934 τε

129 1964 162 2008 ταὶ
177 1960 262 2013 άπαδείς
277 1959 403 2016 διαμένοντες
417 1961 450 2003 ναί
465 1959 501 2012 έξω
515 1958 581 2016 πάσης
595 1957 703 2018 ἁμαρτίας,
725 1960 736 2005 6
751 1964 847 2018 μηδαμῶς

130 2040 239 2092 παρασχεῖν
258 2030 306 2090 ἡμίν
325 2030 336 2077 6
356 2031 418 2089 νόμος
436 2032 545 2089 ἐξίσχυσεν,
569 2030 627 2076 δααλ
641 2036 707 2085 ιιαλνές
724 2033 848 2091 έπισφίηχων

130 2106 252 2166 προσέδηαε·
274 2103 325 2149 αατά
339 2103 361 2148 τό
376 2103 454 2160 θέλημα
468 2107 505 2147 τοῦ
519 2107 571 2148 δεοῦ
585 2104 618 2148 καί
633 2104 709 2163 πατρός
726 2103 787 2163 ἡμῶν.
820 2104 847 2149 Τό

131 2179 152 2225 δέ
167 2178 255 2235 ἐξέληται
270 2179 358 2236 είρηιιεν,
380 2178 413 2221 ίνα
430 2173 546 2235 παραστήσῃ
562 2174 593 2220 ότι
608 2174 645 2221 ούιι
659 2171 684 2235 ἦν
699 2176 752 2239 ἁλλῳ
770 2175 848 2236 εὐχερές

107 2255 169 2296 οντινλ
184 2251 230 2296 ούτε
244 2247 300 2310 νόμῳ
316 2248 362 2293 οδτε
376 2245 498 2306 προφήταις·
520 2247 542 2291 τό
557 2247 595 2305 χὰρ
611 2247 698 2308 ἐξέληται
715 2254 788 2306 μιαροῦ
802 2252 849 2306 βίαν

134 2325 230 2381 σημαίνει,
247 2319 287 2367 ἁλλ’
304 2319 328 2365 ού
343 2322 398 2379 βίαν,
415 2318 465 2365 άλλὰ
480 2317 567 2376 δύναμιν
581 2322 618 2364 τού
633 2319 756 2378 ῥυσαμένου
771 2325 813 2372 πῶς
827 2321 849 2366 δέ

134 2394 158 2440 οὐ
173 2399 218 2454 βίαν
233 2393 283 2440 άλλὰ
298 2393 393 2450 δύναμιν,
415 2390 453 2437 ούιι
467 2389 521 2437 εἶπεν
535 2395 572 2436 τού
587 2390 723 2450 ἁρπάσαντος,
744 2391 794 2438 άλλὰ
813 2397 850 2438 τοῦ

136 2465 204 2520 δόντος
219 2466 291 2512 ἑαυτὸν
305 2464 355 2525 δπέρ
370 2469 410 2511 τῶν
421 2463 524 2525 ἁμαρτιῶν
538 2463 604 2522 ἡμῶν,
620 2464 674 2517 ὅπως
689 2465 775 2523 ἐξέληται
789 2464 849 2524 ἡμᾶς·

137 2538 185 2595 αύτη
203 2536 214 2595 ἡ
233 2538 283 2592 λέξις
299 2537 321 2582 τό
341 2537 510 2595 δυσαντόρδωτον
527 2538 586 2582 παντί
601 2536 654 2596 άλλη)
668 2537 783 2596 παρέστησε.
813 2538 849 2583 Κέ-

111 2625 129 2653 εε
137 2615 205 2666 αληται
220 2608 240 2655 δέ
254 2609 319 2668 πατὴρ
333 2608 390 2668 ἡμῶν
405 2608 415 2655 6
426 2608 483 2664 δεδς,
495 2612 533 2654 ίνα
542 2611 577 2666 τῆς
586 2609 690 2660 νίοδεσίας
699 2610 851 2669 φανερουμένης

183 2779 197 2803 ι,
211 2771 229 2803 V.
243 2768 273 2803 τοῦ
285 2771 301 2803 in
314 2781 327 2803 ο.
340 2771 365 2805 Gr.
379 2780 411 2803 αοιι
424 2771 490 2813 λεςίίντ,
514 2779 527 2803 ε,
541 2770 599 2806 λίαίίίι.
612 2770 642 2814 ίὸ,
654 2770 680 2805 20,
706 2778 730 2804 τι.
744 2770 760 2804 C.
773 2766 851 2804 06:616

138 2830 205 2873 τάξεως,
231 2837 254 2865 τε.
266 2831 284 2863 V.
296 2828 314 2863 τό
327 2831 398 2865 fortasse
411 2831 486 2865 delenda,
