1723 3073
212 97 235 131 IN
246 96 369 134 EPISTULAM
381 99 389 132 Ι
400 98 428 132 ΑΙ)
442 98 578 134 CORINTHIOS.
718 93 749 130 113

33 197 68 245 εἶπ’
83 199 145 255 αῦτδς
159 200 258 261 ἐπιφέρει,
278 202 319 249 ἀλλ’
335 204 359 250 οῦ
374 204 439 250 πάντα
454 205 559 265 συμφέρει,
582 203 620 251 οῦκ
634 200 712 249 ἀνελτίν
725 201 749 246 τὸ

33 271 105 325 έξεῖναι
122 273 180 328 νέας,
201 271 251 318 ἀλλά
269 273 291 318 τὸ
306 275 333 334 μή
351 279 392 322 δεῖν
406 280 430 336 τή
445 277 524 339 έξουσίμ
541 280 659 337 κεχρήσθαι·
682 273 750 333 ἐπειδή

32 343 71 403 νάρ
90 345 115 413 οῦ
133 344 199 391 πάντα
218 346 323 405 συμφέρει,
346 351 407 408 δήλου
423 348 451 403 τίς
468 349 492 395 οῦ
506 354 555 396 ποῖσι
569 348 675 411 χρηστέον,
698 345 750 392 ἀλλά

32 423 74 470 τοῖς
93 417 195 476 ἀφελοῦσι
213 417 290 475 μόνοις.
319 419 370 467 Εἶτα
389 421 449 468 πάλιν
467 422 504 481 τήν
522 422 624 468 ἀντίθεσιν
645 419 748 476 τεθεικάς,

32 488 102 549 έτέρως
123 487 187 554 αῦτήν
206 490 331 548 μεθώδευσε·
353 493 418 539 πάντα
438 511 472 552 μοι
492 494 574 550 ἔξεστιν,
594 493 635 540 ἀλλ’
655 493 692 539 οῦκ
710 492 748 551 ἐμοῦ
767 506 775 533 ⁵

33 561 217 620 ἐξουσιασθήσομαι
234 561 275 607 ῦπῦ
294 581 354 617 τινος.
381 564 436 623 Ὃρῦ
450 564 488 623 νάρ
504 578 566 623 φησιν
580 566 628 612 οῦδὲ
641 566 678 624 τήν
693 566 749 619 έξου-

33 634 79 678 σίαν
94 652 128 691 μοι
143 634 257 693 σωζομένην
271 634 377 695 ἀκέραιον,
393 636 456 696 ἀνπερ
471 636 495 695 δή
509 641 570 684 πᾶσιν
585 636 651 690 ἀπλοῖς
667 636 749 695 ῦπάμοι-

33 722 78 762 μαι,
94 705 121 763 μή
135 706 187 764 πρὸς
200 706 223 751 τῦ
234 707 338 764 συμφέρον
347 707 384 765 τήν
394 711 464 765 χρήσιν
474 708 541 754 αῦτοῖν
551 709 679 767 ποιούμενος
695 709 748 754 οῦτοι

33 775 55 820 δέ
69 775 121 821 κατὰ
135 777 261 835 συγχώρησιν
275 782 312 822 τοῦ
326 777 392 823 πάντα
407 773 479 832 ἐξεῖναι
492 779 515 824 τῦ
530 782 562 825 καί
577 781 641 826 ποίντα
655 779 748 841 πράττειν

34 847 113 893 ἀνελεῖν
128 851 163 894 δεῖ.
194 848 252 895 Οῦτα
267 850 368 894 δείκνυσιν
383 848 412 895 ὅτι
428 848 475 896 οῦδὲ
487 850 552 896 ποίντα
562 851 643 906 έξεστιν,
658 851 699 897 ἀλλ’
710 852 773 896 ὅσαλν

33 918 60 978 μή
74 918 131 982 νόμῳ
145 922 183 966 τινί
196 927 262 967 ποιεῖν
271 920 411 979 κεκωλύμεθα,
426 922 476 968 κατά
490 923 603 983 παροίθεσιν
616 924 661 969 τινά
676 924 712 982 μὲν
726 925 748 969 ἐν

33 990 91 1051 ήμῖν,
106 992 151 1039 τινά
166 993 187 1039 δέ
202 991 240 1039 οῦκ
254 994 275 1039 έν
291 991 337 1052 ήμῖν
352 993 477 1054 ἀποφαίνων.

75 1068 110 1117 VI,
128 1070 159 1110 λέ.
190 1064 243 1111 Οῦδὲ
262 1066 435 1124 σννκαταλῦεσθαι
453 1072 481 1129 τῷ
494 1067 579 1126 παρόντι
594 1071 630 1130 βίῳ
644 1067 667 1112 τὸ
681 1065 747 1126 ήμέτε-

35 1154 72 1196 ρον
83 1140 193 1195 ,νομίζομεν
208 1141 274 1196 σῶμα·
290 1136 301 1183 δ
315 1137 354 1197 ηάρ
368 1138 405 1184 τδν
419 1138 507 1205 Χριστὸν
522 1138 634 1198 ἀναστήσας
648 1141 679 1185 καί
697 1136 748 1197 ήμῦς

34 1208 141 1266 ἀναστήσει
155 1208 240 1261 πάντας,
264 1208 341 1267 Ὥσπερ
355 1210 394 1268 νῦρ
410 1211 440 1255 έπί
454 1215 491 1255 τοῦ
506 1212 580 1256 ἐσθίειν
595 1212 686 1265 ἐξουσίαν
701 1211 774 1256 ἔδοι-ιτ

34 1299 68 1326 τεν
83 1278 123 1326 ἀπό
137 1298 158 1327 τε
172 1286 208 1327 τοῦ
222 1280 274 1341 πρὸς
287 1286 347 1327 τοῦτο
361 1286 481 1341 ηεηενήσθαι
495 1284 528 1327 καί
543 1282 582 1329 ἀπὸ
596 1288 633 1328 τοῦ
647 1282 749 1327 κατίεσθαι

34 1353 123 1406 πάντας,
145 1353 208 1406 οὕτως
226 1354 257 1399 έπί
274 1358 310 1399 τοῦ
330 1353 437 1413 πορνεῦειν
455 1354 477 1399 τὸ
496 1354 522 1412 μή
543 1355 614 1409 ἐξεῖναι
632 1354 750 1411 συνέστησεν

36 1424 75 1471 ἀπό
94 1443 114 1471 τε
132 1429 169 1471 τοῦ
186 1425 213 1484 μή
228 1426 278 1486 πρὸς
292 1430 352 1472 τοῦτο
366 1430 486 1485 γενενῆσθαι
500 1428 533 1472 καί
548 1426 588 1472 ἀπὸ
602 1430 639 1472 τοῦ
653 1426 676 1472 τὸ
695 1429 751 1484 σῦμα

36 1498 84 1554 μετά
98 1497 136 1556 τήν
150 1497 260 1543 ἀνάστασιν
275 1498 357 1543 ἐ’σεσθαι
370 1498 436 1543 ποίλιν.

77 1573 113 1626 Vl,
130 1575 160 1616 15.
190 1570 249 1628 Μέλη
260 1574 349 1629 Χριστοῦ
363 1569 436 1622 ποίντες
449 1568 516 1627 ῦμεῖς,
531 1573 551 1614 οῖ
560 1569 593 1615 διά
603 1574 638 1628 τής
647 1574 683 1615 τοῦ
693 1569 751 1615 πνεῦ-
759 1588 778 1617 το

34 1660 96 1698 ματος
111 1641 262 1700 ἀνανευυήσεας
275 1641 312 1700 τήν
327 1642 377 1701 πρὸς
392 1641 468 1694 αῦτοῦς
482 1641 586 1699 δεξάμενοι
596 1640 707 1700 συιιάφειαν
722 1643 752 1686 έλ-

34 1716 76 1760 πίδι
90 1718 127 1760 τοῦ
141 1716 174 1759 κἀὶ
190 1713 339 1773 ἀναστήσεσθαι
354 1712 427 1772 ὁμοίως
442 1713 504 1777 αῦτηῖ.

77 1788 112 1841 VI,
130 1792 161 1831 18,
193 1785 223 1830 Τά
237 1787 274 1844 μέν
288 1785 348 1831 λοιπά
363 1788 424 1844 (μησίν
439 1784 570 1843 ἁμαρτήματα
585 1787 641 1845 ἕτερα
658 1785 752 1844 βλάπτειν

36 1862 99 1913 δοκεῖ,
114 1857 210 1903 τοῦτοδὲ
225 1858 264 1917 πρδ
279 1862 319 1903 τοῖν
333 1861 409 1902 λοιποῖν
424 1856 505 1902 πάντων
519 1857 554 1902 τδν
569 1857 751 1917 διαπραττόμενον

35 1931 58 1978 τὸ
74 1934 147 1978 οἰκεῖον
161 1930 199 1989 ηάρ
215 1925 275 1983 οὗτος
288 1929 370 1988 μολῦνει
387 1934 449 1987 στῦμα.
760 1955 778 1981 25

76 2006 123 2055 VII,
140 2008 159 2047 5.
187 2002 293 2058 Ἀκρασίαν
308 2001 333 2046 οῦ
347 2001 384 2059 τήν
398 2001 502 2057 ἀσέλγειαν
516 2001 576 2058 λέγει,
591 2001 642 2046 ἀλλά
656 2002 692 2047 τὸν
706 2020 752 2061 κρα-

35 2082 76 2121 τεῖν
91 2074 115 2120 οῦ
131 2074 244 2132 δυνάμενον
259 2077 286 2127 εἰς
300 2076 396 2131 πορνείαν
410 2073 565 2132 καταφέρεσθαι.

77 2150 122 2199 Vll,
138 2153 155 2191 8.
187 2145 229 2192 Οῦκ
244 2145 298 2192 εἶπεν
313 2145 462 2208 αῦτηῖηνῶμκς
476 2145 608 2203 κατόρθωμα,
630 2144 680 2190 ἀλλά
695 2148 752 2199 θείας

37 2218 118 2278 ηάριτος
133 2217 192 2276 έρηον
209 2218 300 2271 εἰκότως·
322 2217 358 2263 τὸν
373 2216 411 2277 ηδρ
427 2218 506 2264 ἐναντία
520 2221 544 2277 τή
559 2216 619 2277 φύσει
636 2222 752 2276 κατορθοῦν

38 2291 169 2352 αἱρούμενον,
185 2290 210 2336 οῦ
224 2296 259 2349 τῆς
272 2290 368 2350 ήμετέρας
382 2289 493 2348 δυνάμεως,
509 2288 560 2335 ἀλλά
574 2295 610 2335 τοῦ
624 2295 658 2348 τής
673 2289 778 2348 φῦσεεοςμ,

39 2368 132 2422 ποιητοῦ·
148 2363 201 2409 οῦτοι
215 2365 248 2409 καί
263 2361 274 2407 δ
289 2362 368 2422 κῦριος,
389 2361 413 2407 οῦ
427 2360 509 2418 ποίντες,
524 2362 597 2420 φησίν,
615 2366 702 2420 χωροῦσι
716 2362 753 2409 τὸν

37 2435 107 2494 λίνον,
123 2435 164 2482 ἀλλ’
180 2435 210 2487 οἷς
224 2435 313 2488 δέδοται,
327 2434 384 2480 δόσιν
399 2433 448 2479 αῦτδ
462 2434 494 2478 καί
509 2432 567 2493 ηάριν
577 2435 609 2478 καί
620 2432 681 2486 αῦτδς
691 2448 753 2494 προσ-

38 2506 105 2554 ειπεῖν.
472 2500 473 2503 ¹

81 2632 164 2666 ταθείς
185 2628 253 2666 ἀνελών.
277 2639 302 2665 τι.
315 2631 331 2665 G.
344 2630 475 2672 Gram.p.111.
500 2636 525 2662 ιο.
538 2629 556 2663 C.
570 2629 624 2663 cram*
636 2640 652 2672 ρ.
666 2631 702 2664 112,
728 2640 753 2665 τι.

37 2690 199 2734 G.Gram.p.113‚
224 2689 422 2733 2a.c.c1=am.p,1‘23.
446 2696 472 2723 τε.
487 2689 648 2731 δῦτειυιρλλλ.
673 2690 753 2727 ib.Fort.

37 2750 83 2794 lega,
95 2747 153 2786 αῦτοῦ,
177 2760 201 2786 το.
214 2752 254 2787 Post
266 2762 281 2787 τ,
294 2751 327 2795 αλρ.
339 2750 402 2794 aliquid
414 2750 481 2784 videtur
493 2749 580 2785 excidisse,
604 2751 652 2786 λδδε
661 2748 681 2785 οῦ
690 2751 754 2786 πταίειν

38 2812 64 2844 νεῖ
77 2813 131 2845 simile
144 2813 189 2854 quid?
215 2820 238 2843 εν.
252 2813 310 2846 λλεῐλλι.
324 2810 391 2852 19,11,

634 2870 644 2902 8
