1723 3073
239 96 260 128 111
273 95 415 130 11111Ν11Ε11111111
427 93 549 129 nlA'r't'ttAnt.
636 101 637 106 ¹
745 91 756 126 7

34 213 107 249 sterurn
127 202 165 246 illis
186 216 290 244 reservans
312 201 403 251 edicere,
428 203 509 259 qnando
529 216 564 247 eos
586 201 650 259 gratia
670 200 755 259 Spiritus

34 275 95 320 sancti
116 289 168 331 qnae
190 287 251 331 super
271 287 306 315 eos
325 274 389 323 uenit,
411 273 515 318 instituens
530 272 673 333 perceptibiles
689 280 756 316 tantae

34 347 136 391 doctrinae
148 344 259 403 perliceret.
289 347 376 403 Propter
391 346 429 388 boc
444 347 502 390 ctiam
515 349 559 406 ipse
569 345 668 391 Dominus
683 347 704 390 in
720 361 756 390 co-

33 421 77 462 denr
92 419 137 475 ipso
152 431 246 459 sermono
261 416 366 474 proximus
380 417 480 474 passioni,
497 426 519 462 nt
534 418 669 462 infirmitatem
685 433 755 461 eorum

34 489 157 538 ostenderet,
179 488 233 540 unde
252 495 335 546 possent
354 487 465 531 doctrinam
480 490 622 547 perlectionem
637 489 755 539 adsumere,
776 504 783 530 1

34 559 123 605 dicebat:
149 559 211 603 Multa
232 559 298 602 babeo
320 559 376 603 vobis
398 560 471 603 dicere.
486 552 487 555 ¹
503 561 563 604 Cuius
583 576 631 619 ergo
646 562 676 604 rei
691 562 756 619 gratia

34 631 94 675 inodo
109 645 150 674 non
165 631 231 674 dicis‘t
244 632 291 688 quia
307 645 347 674 non
362 631 445 689 potestis
461 630 522 675 modo
537 639 627 690 portare:
648 647 689 676 non
698 633 756 677 invi-

34 705 92 750 dens,
116 702 151 745 scd
172 703 219 760 qnia
239 717 280 746 non
299 701 429 747 sullicitisad
446 702 542 751 inaniorem
558 719 624 747 rerum
639 704 755 762 perceptio-

35 791 91 825 nem,
114 773 213 818 inlirmius
233 774 298 817 adbuc
319 774 398 824 affecti,
423 788 483 831 qnam
503 781 526 817 nt
547 775 619 818 borum
640 776 755 834 dogmatum

35 847 168 904 integritatem
189 846 269 904 possitis
291 846 378 890 edoceri.
416 845 504 897 Quando
527 862 575 903 ergo
598 855 703 904 poterunt,
725 848 783 904 velto

33 918 101 962 undet
131 918 219 970 Quando
238 918 315 961 uenerit
328 918 362 960 ille
377 917 457 979 spiritus
473 918 573 967 veritatis,
589 918 670 962 inducet
685 934 720 963 vos
735 919 755 962 in

36 1005 114 1034 omnem
130 990 240 1033 veritatem.
272 989 404 1047 Superveniet
419 990 471 1031 enim
487 1003 548 1047 snper
564 1004 598 1033 vos
609 991 694 1048 Spiritus
710 1005 756 1034 san-

35 1062 60 1105 cti
76 1062 148 1118 gratia,
165 1075 190 1103 ex
201 1075 241 1118 qua
252 1066 345 1103 cunctam
356 1059 472 1117 dogmatum
483 1059 612 1104 subtilitatem
623 1061 754 1118 cognoscetis.

35 1133 122 1176 Proinde
140 1133 157 1175 si
174 1132 297 1176 divinitatem
316 1132 413 1190 unigeniti
429 1132 549 1175 docerentur
564 1140 583 1175 ct
597 1139 674 1190 patrem
689 1135 755 1175 Deum

35 1206 104 1262 utiquc
125 1204 247 1247 docerentur
266 1210 336 1262 utpote
350 1205 388 1247 Dei
404 1203 438 1245 filii
455 1211 544 1261 patrem,
562 1204 634 1260 ecquid
649 1204 783 1262 perfectiusis

36 1276 60 1320 ad
75 1276 192 1334 dogmatum
207 1265 310 1319 scientiam
326 1276 353 1318 eis
368 1277 496 1318 remaneret?

76 1372 154 1422 XXIII,
173 1374 203 1415 15.
234 1369 317 1427 Πολλήν
332 1369 444 1426 ἐπιμέλειαν
458 1369 597 1414 ἐκιδείκανσθὲ
612 1381 686 1427 φησιν,
707 1369 757 1413 ὥστε

35 1441 80 1487 τινά
94 1446 134 1486 τάν
150 1440 260 1501 ἀλλοτρίων
274 1445 311 1486 τοῦ
324 1440 404 1499 Ἰσραήλ
419 1441 448 1485 ἐπί
464 1439 500 1498 τήν
512 1440 615 1498 εὐσέβειαν
628 1440 710 1499 ἀγαγεῖν
724 1443 757 1485 καὶ

35 1519 117 1572 ποιήσαι
136 1512 273 1571 προσήλυτον·
297 1512 378 1557 ἐπειδὰν
397 1512 418 1557 δὲ
438 1517 511 1557 τοῦτον
528 1512 603 1557 τέλειον
616 1512 711 1571 ποιήσητε
725 1514 758 1558 καὶ

35 1591 69 1645 της
80 1585 181 1643 εὐσεβείας
190 1583 319 1638 οἰκειότατον,
335 1583 379 1628 τότε
392 1582 425 1628 nd
440 1588 480 1628 cciv
492 1581 594 1642 ὑμετέρων
608 1583 699 1646 πράξεων
713 1583 785 1629 vibena

35 1658 116 1715 γεέννης
130 1655 193 1700 αάτδν
209 1654 322 1715 ἐργάζεσθε,

77 1752 157 1804 XXIV,
173 1756 205 1796 19.
228 1753 254 1795 01
266 1750 303 1809 τήν
319 1750 432 1807 ἐκπύρωσιν
447 1749 560 1808 είσάγοντες
574 1754 611 1796 τοῦ
625 1750 703 1808 κόσμου
716 1749 759 1795 Ἑλ-

1 1881 3 1883 ,
36 1823 109 1881 λήνων
118 1823 178 1882 σοφοί
193 1821 217 1868 cd
232 1822 268 1879 μὲν
283 1823 327 1880 περί
341 1820 399 1880 ήλίαυ
414 1823 447 1868 καί
460 1823 543 1881 σελήνης
556 1822 649 1881 εἰρημένα
662 1821 759 1881 δέχονται,

36 1887 139 1940 edelredi
153 1896 187 1940 καὶ
201 1894 238 1952 τήν
254 1895 273 1949 ἐξ
291 1893 382 1952 οὐρανοῦ
399 1898 439 1938 τῶν
455 1893 544 1953 ἀστέρων
558 1898 633 1939 κτωσιν
649 1892 760 1951 ὁμολογοῦ-

37 1979 77 2023 σιν,
96 1965 123 2019 ἀς
142 1966 263 2025 ἀγνοοῦντες
280 1965 317 2024 τήν
338 1969 374 2010 τοῦ
389 1969 440 2010 δεον]
456 1964 543 2023 δύναμιν
557 1967 590 2010 καί
606 1964 636 2011 ὅτι
651 1965 717 2011 πάντα
731 1970 786 2030 epioe

37 2037 135 2096 θελήματι
150 2037 213 2084 αὐτοῦ
228 2037 342 2084 ἀκολουθεῖ.

78 2122 157 2176 XXIV,
174 2126 206 2168 lt8.
222 2126 255 2168 lo,
288 2121 316 2166 Τὸ
331 2121 367 2180 μὲν
382 2116 420 2167 οὖν
435 2121 498 2179 λέγειν
513 2121 549 2168 τὸν
563 2121 627 2167 κακδν
639 2125 713 2168 δοῦλον
728 2121 759 2167 ὅτι

37 2198 122 2252 χρονίζει
137 2192 147 2238 δ
162 2194 232 2251 καίριος
246 2193 323 2238 τέθεικε
338 2197 441 2251 σημαίνων
457 2194 486 2238 ὅτι
503 2193 540 2239 οὐκ
556 2194 621 2246 ἀλλως
633 2194 759 2252 ἁμαρτάνον

30 2278 69 2311 σιν
89 2265 131 2312 ἀλλ’
155 2266 167 2325 id
190 2271 217 2328 τῷ
238 2265 264 2323 μή
284 2273 377 2322 παρεῖναι
393 2265 429 2311 τὸν
447 2264 523 2324 κριτήν,
542 2265 590 2325 μηδ’
610 2266 660 2319 daec
679 2267 760 2311 ἔσεσθαι

37 2341 102 2395 κρίσιν
123 2339 199 2382 ἐννοεῖν
217 2337 303 2389 αὐτούς’
323 2337 346 2382 ιδ
364 2337 386 2382 δὲ
404 2336 486 2382 adnecte
502 2337 551 2389 τοδς
568 2338 694 2389 συνδούλους
708 2337 787 2393 λέγειεο

37 2413 75 2472 τῷ.
84 2411 178 2469 μεγίστην
192 2411 285 2467 γίνεσθαι
300 2415 341 2461 τοῖς
357 2408 474 2467 ἀρχομένοις
489 2408 566 2466 βλάβην
580 2408 631 2454 κατά
644 2408 712 2467 ψυχήν
727 2409 760 2454 did

38 2486 78 2526 τάν
93 2481 216 2540 σφαλμάτων
230 2485 270 2525 τάν
285 2480 427 2526 διδασκόντων,

79 2568 147 2616 XXV,
164 2569 189 2610 Pb
205 2581 231 2611 ss.
263 2562 404 2622 Κατακράκτει
418 2562 441 2607 τὸ
455 2561 555 2607 τάλαντου
570 2561 669 2621 ἀγνώμων
684 2563 714 2609 cde
728 2566 759 2609 nul

84 2750 225 2792 elotuttntn.
250 2757 274 2785 ιε,
288 2751 322 2784 loli.
333 2750 361 2786 ld,
371 2749 396 2783 111,
421 2748 642 2791 111111111εοος111111111.
672 2748 760 2782 rabddm

39 2811 113 2852 etquid.
143 2818 167 2842 ιι.
181 2810 246 2842 Possint
259 2815 290 2843 cat.
307 2821 322 2852 p.
335 2810 371 2842 305.
403 2808 625 2850 cenomannensem
657 2817 680 2843 κι1
696 2809 761 2843 Possini

40 2872 72 2903 cat.
86 2880 101 2912 p.
116 2870 153 2905 330.
179 2877 202 2902 11.
217 2869 262 2904 Cat:
274 2869 298 2913 μὴ
311 2865 330 2904 δὲ
342 2862 390 2908 ὅλως.
416 2876 440 2906 so.
454 2869 519 2903 Possint
532 2872 563 2901 out.
577 2879 592 2911 p.
605 2868 642 2902 338.
