1723 3073
234 120 255 153 IN
268 120 410 154 EVANGIILIUM
421 120 530 156 10HINNIS.
722 115 744 150 33

65 222 108 274 XI,
124 228 157 268 56.
187 221 296 275 Συνιόντες
307 226 327 268 ολ
336 223 460 282 ἁγνιζόμενοι
470 225 521 271 κατά
530 224 553 270 τό
564 221 618 281 ίερόν
631 221 743 278 διελέγοντο

24 292 74 352 πρὸς
92 292 191 350 ἀλλήλους
211 294 255 352 περί
274 299 311 339 τοῦ
326 301 426 352 Χριστοῦ,
447 299 641 355 διαμφισβητοῦντες
658 291 744 350 πότερον

25 362 125 410 ἐλεύσεται
138 368 185 424 τιμβ
199 369 235 422 τῆς
250 365 329 424 ἑορτῆς,
344 366 358 424 ἢ
371 365 507 425 ύπερθάσεται
521 368 558 426 την
572 368 686 426 παρουσίαν
705 382 744 423 φυ-

24 436 143 492 λαττόμενος
164 436 213 487 τούς
234 436 406 493 ἐπιβουλεύοντας.
437 433 476 484 Ἦν
496 440 517 484 δέ
537 435 744 484 ταάτιιποθούντων

25 505 87 554 αύτὸν
102 509 151 552 ίδείν
165 507 190 553 ιδ
205 507 291 566 δόματα·
312 510 345 554 καί
359 509 398 567 ηάρ
414 508 441 562 ἀς
456 510 507 562 είκός
522 510 562 555 ἀπό
576 515 616 556 τῶν
630 508 744 568 γεγονότων
764 519 771 545 ⁵

23 576 135 636 θαυμάτων
149 578 230 637 σφόδρα
244 579 316 625 λοιπὸν
331 580 394 625 αὐτοῦ
408 580 432 625 τό
446 585 524 637 πλῆθος
539 581 661 640 ἐξεκρέματο.

65 651 118 704 Xll,
134 656 213 696 9-11.
246 651 301 710 Τάηοι
319 651 358 708 ηάρ
378 654 397 696 τί
416 668 457 696 που
476 654 510 696 καί
530 652 653 698 ἀκούσεσθαι
672 652 744 697 καινὸν

24 721 154 779 προσεδόκων
169 722 202 767 ἀπ’
218 722 294 777 αύτοά,
310 721 336 774 ἀς
352 722 391 768 ἀπό
407 723 469 776 ξένων
483 725 516 767 καί
531 722 638 781 ἀγνώστων
652 731 694 776 τοῖς
710 722 746 768 ἀν-

25 792 116 850 θρώποις
135 797 214 846 λ’κοντος
232 793 306 840 τόπων.
330 794 396 839 ΓΌθεν
415 797 434 838 οί
453 793 549 853 ἀρχιερεῖς
563 795 694 853 θεασάμενοι,
715 793 753 839 ότι

25 870 85 911 τοῦτο
100 864 185 922 μάλιστα
199 864 222 910 τό
237 871 315 924 πλῆθος
330 864 381 922 πρὸς
395 864 431 923 τὴν
446 866 497 910 θέαν
512 866 613 922 ἐφέλκεται
629 864 640 922 ἡ
655 870 692 912 τοῦ
703 870 771 911 [λιι-10

26 935 86 995 ζάρον
101 937 209 993 ἐπιθυμία,
225 936 358 996 ἐβουλεύοντο
372 937 406 982 καί
421 935 484 983 αάτδν
494 943 648 983 συναποκτελναι
657 941 685 998 τῷ
696 942 745 995 Χρι-

26 1013 65 1070 στῷ
83 1008 119 1054 τόν
137 1007 241 1067 Λάζαρον,
264 1007 350 1067 δρῶντες
370 1007 401 1054 ότι
414 1008 464 1067 μηδέ
478 1008 535 1067 μέχρι
549 1007 612 1067 μόνης
629 1012 697 1055 λ’στατο
711 1012 746 1066 της

25 1080 75 1132 θέας
93 1083 130 1125 τοῦ
150 1079 246 1139 Λαζάρου
265 1079 288 1124 τό
309 1084 397 1138 πλῆθος,
420 1079 465 1125 ἀλλ’
486 1075 509 1125 εά
526 1078 600 1133 είδότες
619 1079 646 1132 ἀς
661 1078 747 1139 ὁρωντες

26 1153 103 1197 ἐκεῖνον
117 1151 141 1197 δι’
158 1152 235 1197 ἐκείνου
250 1155 274 1211 τῇ
289 1154 353 1198 πίστει
367 1155 404 1198 τού
418 1155 508 1209 Χριστοῦ
522 1151 660 1211 προσήγοντο,
680 1150 746 1209 ἀσπερ

27 1222 51 1268 ού
66 1223 181 1282 δυναμένου
195 1227 232 1268 τοῦ
247 1223 300 1278 ἀπαξ
315 1222 378 1269 αὐτόν
393 1222 544 1282 ἀναστήσαντας
558 1225 591 1269 καί
601 1222 662 1269 πάλιν
672 1223 746 1280 έηείραι
755 1240 773 1267 ιε

27 1294 52 1339 ἀν
67 1294 108 1354 δέη,
562 1332 564 1337 ,

68 1368 121 1422 XII,
137 1363 171 1411 λδ.Ι
198 1365 276 1424 Καιρύς
295 1377 357 1424 φησιν
372 1365 444 1410 λοιπόν
460 1367 501 1410 ἐστι
516 1366 546 1410 ἐπὶ
561 1366 583 1410 τό
598 1364 665 1417 πάθος
680 1365 747 1410 ἐλθεῖν

26 1437 107 1483 πάντων
127 1436 293 1497 πεπληρωμένων.
323 1439 349 1480 EI
367 1435 406 1493 ηάρ
426 1435 530 1495 μέλλοιμεν
547 1436 627 1489 τούτοις
641 1436 677 1493 μέν
692 1435 748 1480 ἀπει-

26 1514 89 1554 θοῦσι
98 1508 251 1568 προσεδρεύειν,
267 1510 356 1560 ἐκείνους
367 1509 388 1552 δέ
397 1510 431 1552 καί
441 1508 577 1565 βουλομένους
587 1508 614 1566 μὴ
627 1510 747 1567 προσίεσθαι

9 1641 10 1645 ¹
27 1580 98 1636 ἀνάξια
113 1584 148 1639 τῆς
162 1579 259 1640 ἡμετέρας
274 1580 329 1626 ἐσται
342 1583 406 1626 ταῦτα
421 1582 546 1639 κηδεμονίας.
574 1579 627 1626 Ἐπεί
642 1575 680 1626 σύν
695 1580 786 1636 ἔμελ-νο,

27 1660 60 1699 λεν
75 1653 161 1712 ἀφήσειν
175 1652 224 1705 τούς
238 1652 332 1711 μαθητάς
346 1653 377 1697 ἐπί
392 1651 416 1697 τά
432 1652 482 1709 έθνη
497 1653 570 1697 λοιπόν
584 1652 636 1697 ίέναι
650 1652 699 1709 μετά
713 1652 749 1697 τόν

28 1724 127 1783 σταυρόν,
143 1723 197 1784 όράν
212 1724 233 1769 δέ
248 1723 324 1777 αύτούς
337 1726 484 1781 προπηδῶντας
499 1725 558 1783 φησί’
579 1724 649 1783 καιρός
668 1724 699 1768 ἐπὶ
713 1722 749 1768 τόν

28 1795 116 1855 σταυρόν
131 1797 204 1843 ἐλθεῖν.
235 1795 265 1841 Ού
284 1794 384 1855 πρότερον
401 1796 440 1855 ηάρ
460 1795 535 1848 αύτούς
549 1799 625 1848 είασεν,
646 1799 680 1841 ’ίνα
695 1814 707 1855 η
723 1798 750 1848 είς

28 1866 139 1926 μαρτύριον
154 1866 228 1919 αύτούς,
253 1867 306 1919 Ἕως
324 1866 364 1926 γάρ
383 1865 416 1912 διά
434 1871 474 1912 τάν
493 1868 557 1926 ἐρηων
577 1866 639 1913 αὐτόν
660 1870 751 1925 διεκρού-

29 1951 100 1992 σαντο,
116 1938 153 1991 ἐως
168 1937 231 1984 αύτδν
246 1937 376 1996 ἐσταύρωσαν
391 1937 429 1984 οάκ
438 1937 491 1984 εἶπε·
500 1940 641 1996 ’πορευθέντες
650 1939 750 1998 μαθητεύ-
758 1962 777 1988 ατ

29 2011 74 2055 σατε
88 2010 154 2055 πάνια
168 2010 193 2055 τά
208 2011 269 2068 ἐθνη,
285 2008 348 2055 ἀλλά·
363 2012 390 2062 είς
405 2007 454 2055 δδδν
467 2010 535 2055 έθνάν
544 2009 571 2069 μὴ
582 2009 692 2070 ἀπέλθητε,
707 2012 750 2056 καί·

29 2082 67 2128 οὐκ
82 2082 205 2142 ἀπεστάλην,
221 2086 238 2128 εί
252 2083 279 2143 μὴ
295 2086 322 2136 εἰς
331 2082 356 2129 τά
367 2082 485 2128 ἀπολωλότα
495 2082 587 2142 πρόβατα
597 2087 655 2129 οίκον
667 2083 751 2142 Ἰσραὴλ,

28 2156 72 2200 καί·
96 2154 135 2200 οὐκ
154 2156 195 2200 ἐστι
213 2159 282 2214 λαβεῖν
301 2155 337 2200 τόν
357 2155 419 2213 ἀρτον
437 2160 477 2200 τάν
491 2156 567 2200 τέκνων
581 2157 614 2200 καί
628 2159 696 2214 βαλεῖν
710 2162 752 2206 τοῖς

29 2229 139 2285 κυναρίοις,
166 2225 246 2286 Ἐπειδὴ
261 2227 283 2273 δέ
298 2228 394 2285 ἐμίσησαν
409 2226 472 2273 αὐτόν
487 2230 520 2273 καί
535 2227 600 2281 ούτως
614 2229 710 2286 ἐμίσησαν
725 2226 751 2280 ἀς

29 2297 117 2352 ἀνελελν,
133 2298 226 2356 περιττόν
238 2295 262 2356 ἀν
271 2298 414 2358 προσεδρεύειν
425 2301 589 2357 διακρουομένων
600 2301 685 2345 ἐκείνων.
711 2301 778 2344 Κοίου

29 2369 67 2429 ηάρ
82 2370 225 2430 παρητησαντο
240 2369 303 2416 αύτδν
317 2371 418 2429 λέγοντες·
442 2370 479 2415 ούκ
494 2371 565 2429 έηομεν
580 2370 674 2429 βασιλέα,
693 2374 710 2416 εί
724 2371 751 2431 μὴ

30 2446 132 2501 Καίσαρα,
146 2441 191 2489 τότε
205 2443 230 2502 δη
245 2442 317 2490 λοιπόν
332 2443 408 2497 αύτούς
423 2443 506 2502 ἀφῆκεν.
536 2443 592 2502 Αύτη
607 2444 628 2488 δέ
648 2442 752 2498 διάλειιτος

75 2600 89 2625 κ.
103 2591 151 2624 Cord.
165 2595 196 2624 cat.
210 2592 274 2633 p.300.
300 2585 446 2623 σ.Εειί,εαυ’τελν.
472 2598 485 2623 71
499 2589 548 2624 Cord,
561 2593 593 2623 cat.
605 2601 621 2632 p.
632 2590 670 2627 304.
696 2588 753 2625 σαύ-

30 2650 60 2685 τοδ
73 2652 109 2685 scil.
125 2650 155 2684 τοῦ
167 2649 252 2694 Λαζάρου,
282 2658 306 2684 τε.
319 2650 420 2683 Τίνοοδοιελ.
433 2658 507 2692 prooem.
521 2650 537 2683 in
549 2650 580 2683 ΧΠ
592 2649 652 2692 proph.
665 2644 701 2684 ἀλλ’
713 2646 754 2684 οάδέ

31 2706 77 2754 μέχρι
92 2708 157 2744 τούτων
174 2706 211 2754 ἐστη
225 2710 256 2754 τῆς
273 2709 382 2749 διδασκαλίας
393 2704 404 2752 ἡ
415 2707 463 2753 ηάρις
479 2730 506 2743 -.
523 2711 543 2744 εδ
554 2704 616 2743 Ezech.
630 2710 649 2749 I,
660 2710 683 2743 28
695 2729 717 2734 —
729 2709 754 2744 &c-

31 2767 98 2805 δάσκων
109 2766 154 2816 ἡμᾶς
165 2769 189 2815 μὴ
200 2767 248 2815 μέχρι
259 2768 320 2805 τούτου
332 2767 401 2804 ἐοτάναι
412 2790 434 2805 -,
452 2777 478 2804 ιι.
491 2771 540 2805 (ζοιιλ,
549 2772 581 2803 cat.
589 2780 606 2812 ρ,
613 2770 651 2804 309.
670 2777 696 2804 νο.
704 2771 753 2806 Mtth.

32 2831 103 2876 28‚19.
127 2832 209 2867 ib.Mtth.
223 2831 282 2875 10‚5‚
306 2839 331 2866 27.
345 2830 393 2866 IIIIh.
407 2830 432 2870 15,
444 2830 471 2865 δέ,
496 2830 661 2875 29.Mtth.15,26.
680 2831 753 2865 woh,

33 2892 62 2930 ιο,
76 2892 101 2925 15.
501 2914 503 2918 ⁷

617 2952 626 2984 3
