1723 3073
228 136 250 169 IN
263 135 387 172 EPISTOLAM
399 137 427 170 ΑΙ)
440 135 544 171 (ΙΑΙΑΤλθ.
716 131 748 168 125

32 244 69 284 τοῦ
78 239 143 297 νόμον
153 239 278 298 νατόρθωσίς
288 241 349 294 ἐστιν,
365 241 405 287 ἀλλ’
420 240 433 298 ῆ
447 245 484 286 τοῦ
498 245 549 286 θεοῦ
563 238 671 298 ὑπόσχεσις
685 236 698 296 ῆ
711 237 749 295 τῆν

32 312 140 356 κοινωνίαν
153 308 203 370 ῆμίν
216 314 252 369 τῆς
266 309 356 369 εὐλογίας
370 312 494 371 χαριζομένη.
527 311 555 358 Τό
573 311 595 357 δέ
609 314 637 373 τῷ
652 309 750 369 σπέρματι

33 381 97 428 αῦτοῦ
115 382 219 442 εἰρημένον
240 382 303 435 ούτως
323 382 389 437 όιπλιῦς
408 382 524 441 εύρίσκομεν
546 384 576 429 έπί
600 387 637 429 τοῦ
659 385 749 441 Χριστοῦ

33 453 119 514 ἀκριβῶς
131 452 281 513 πληρούμενον·
296 448 355 508 οῦτος
368 455 407 514 γύρ
423 455 499 515 σπέρμα
514 456 550 514 μέν
565 455 629 502 αῦτοῦ
643 454 694 502 αατόι
709 454 750 514 φύ-

34 539 75 583 σιν,
98 525 124 580 εἰς
142 522 180 571 οῦν
197 528 229 572 καί
251 529 270 573 οί
287 530 352 573 λοιποὶ
371 532 391 574 οἰ
406 528 428 574 τδ
447 529 505 586 γένος
526 529 602 575 ἐκεῖθεν
616 529 747 586 κατάγοντες·
767 541 777 569 5

33 598 152 657 πιστεύομεν
167 599 188 644 δέ
198 598 226 644 ἐπ’
237 598 309 653 αῦτύν,
325 598 366 646 εἰτα
379 600 412 646 καί
426 599 462 646 τὸν
475 599 564 659 ’Λβραύμ
578 601 653 659 πατέρα
668 601 749 659 ἐπιγρα-

34 670 125 730 φόμεθα,
140 672 173 716 καί
189 672 241 717 ούτω
255 677 290 730 τῆς
305 672 396 730 εὐλογίας
410 672 447 730 τῆν
459 674 566 717 κοινωνίαν
576 672 683 731 δεχόμεθα,
699 672 749 717 όίστε

34 743 57 788 τό
72 743 176 802 εἰρημένον
193 742 220 796 εἰς
237 742 267 801 ἐφ’
287 742 340 798 ἑνός,
360 742 473 800 δυνάμενον
491 743 511 788 δέ
525 744 575 789 κατιί
590 749 659 790 κοινοῦ
676 743 704 797 εἰς
718 744 750 789 έπί

35 819 115 861 πολλόν
128 822 229 870 νοεῖσθαι,
249 819 277 876 τῷ
292 816 388 873 σπέρματι
403 814 466 860 αύτοῦ
480 814 531 861 εἰναι
546 816 621 869 πότνιας
635 816 683 869 τούς
697 818 749 864 ,ἐκεί-

35 895 72 934 θεν
87 887 109 933 τό
124 887 181 946 γένος
195 884 328 944 κατοίγοντας,
348 888 379 932 έπί
395 890 432 933 τοῦ
447 892 535 947 Χριστοῦ
549 891 621 948 κυρίως
636 887 665 934 ἐπ’
683 887 776 937 κύτῦνιο

35 959 230 1019 πληρούμενοντῦν
243 958 366 1018 πραγμάτων
381 958 503 1018 εὑρίσκομεν.

78 1036 114 1085 ΙΙΙ,
130 1038 162 1078 21.
192 1035 218 1076 Εἰ
237 1032 276 1090 γύρ
295 1031 378 1090 τοιαύτη
394 1049 424 1084 τις
440 1030 524 1090 δύναμις
541 1037 569 1094 τῷ
587 1032 642 1095 νόμῳ
663 1037 748 1093 προσῆν,

36 1104 85 1151 ὥστε
104 1104 152 1156 τούς
170 1103 204 1149 ῦπ’
223 1103 277 1164 αῦτηῦ
294 1104 460 1160 πολιτευομένους
477 1106 509 1148 καί
522 1108 653 1155 δικαιοῦσθαι
669 1108 702 1151 καί
715 1111 750 1164 τῆς

37 1179 120 1222 αἰωνίου
135 1175 236 1221 δύνασθαι
250 1174 355 1232 τυγχόινειν
370 1179 428 1233 ζωῆς,
445 1175 568 1234 ιίναιρετικδς
581 1171 607 1234 ῆν
621 1180 655 1235 τῆς
669 1177 750 1235 έπαγγε-
763 1203 765 1205 v
780 1207 781 1210 =

37 1251 80 1301 λίας
95 1245 106 1293 ὁ
120 1246 182 1305 νόμος
192 1246 262 1299 αύτδς,
278 1244 319 1291 νίνί
335 1247 409 1306 ἐκείνης
422 1246 459 1306 τῆν
474 1249 577 1293 δικαίωσιν
590 1248 690 1307 παρέχων’
704 1250 776 1295 νυνίιτ

37 1322 59 1367 δέ
73 1321 95 1367 τὸ
111 1322 211 1376 ἐναντίον,
235 1318 365 1380 ἀπαγορεύων
382 1319 418 1377 μέν
435 1319 472 1378 τῆν
491 1318 598 1379 ἁμαρτίαν,
620 1319 751 1367 οἰπαλλιίττειν

38 1394 59 1440 δέ
74 1393 135 1453 αὐτῆς
150 1392 187 1439 οῦκ
201 1392 278 1451 ἰσχύων
289 1391 338 1445 τούς
352 1392 386 1437 διδ
399 1391 436 1451 τῆν
450 1395 485 1451 τῆς
499 1391 578 1450 φύσεως
595 1392 703 1439 όσθένειαν
716 1411 752 1439 κα-

37 1469 170 1518 ταπίπτοντας
183 1468 210 1517 εἰς
221 1464 291 1522 αῦτῆν,
306 1466 338 1509 καὶ
354 1464 387 1509 διδ
396 1463 474 1508 τούτου
488 1464 583 1521 μειζόνως
598 1464 681 1523 ἐλέγχων
695 1464 752 1524 ῆμῦν

37 1538 60 1585 ιδ
75 1537 125 1599 πρός
139 1539 243 1583 δικαίωσιν
257 1535 340 1591 όίτονον,
352 1540 432 1594 ’μᾶλλον
446 1535 468 1581 δὲ
482 1533 546 1594 πύντη
562 1534 674 1591 νίδύνατον,
692 1537 753 1596 οἰναγ-

37 1615 99 1665 καίως
112 1615 146 1670 τῆς
160 1613 197 1656 τοῦ
212 1612 301 1668 Χριστοῦ
315 1607 395 1667 χύριτος
409 1608 516 1666 δεομένους
531 1610 631 1655 δείκνυσιν
644 1608 702 1668 ῆμῦς.
761 1629 780 1659 ιο

79 1688 116 1739 ΙΙΙ,
132 1688 164 1728 23.
192 1681 348 1741 Ἐπισημαντέον
363 1682 435 1736 έκεῖνο,
451 1681 481 1725 ότι
495 1685 535 1726 νῦν
549 1681 600 1728 κατοί
610 1682 698 1740 Χριστόν
710 1699 754 1728 ποι-

39 1763 88 1802 είται
103 1755 139 1814 μέν
155 1753 195 1800 ιίπδ
208 1758 249 1799 τῦν
263 1752 376 1811 μελλόντων
391 1751 418 1805 εἰς
433 1752 484 1806 εἰκός
501 1753 538 1811 τῆν
555 1752 665 1808 ἀπόδειξιν,
687 1754 754 1813 ἰπειδῆ

38 1834 92 1874 πῦσα
111 1832 151 1872 νῦν
169 1825 214 1885 παρ’
235 1826 299 1871 αῦτοῦ
319 1822 482 1885 κατορθωμάτων
499 1823 547 1882 ῆμίν
564 1823 576 1884 ῆ
594 1826 708 1885 φανέρωσις
723 1827 755 1871 έπὶ

38 1905 78 1947 τῦν
92 1897 214 1958 πραγμύτων
228 1900 303 1955 γίνεται
317 1896 369 1944 τότε·
390 1901 445 1942 καλεῖ
459 1897 481 1942 δέ
494 1899 560 1942 πίστιν
574 1898 621 1954 μέν,
637 1897 704 1956 έπειδῆ
719 1917 756 1956 μη-

40 1973 92 2018 δέπω
106 1971 209 2029 γεγονότες
223 1970 255 2014 έπί
268 1973 308 2013 τόν
322 1967 453 2027 πραγμάτων,
469 1967 588 2026 πιστεύομεν
597 1969 646 2022 τέως
659 1971 704 2029 περί
719 1969 782 2022 αῦ-οε

39 2050 87 2101 τόν,
104 2044 221 2102 ἐπαγγελίαν
236 2042 265 2093 δέ,
282 2039 308 2094 ῦς
322 2040 348 2086 όν
362 2040 399 2099 τῆν
412 2041 458 2099 περί
472 2039 538 2085 αύτῦν
552 2039 659 2100 ὑπόσχεσιν
672 2042 710 2102 ῆδη
724 2060 754 2088 αε-

40 2116 166 2176 κομισμένων
180 2114 246 2173 ῆμῦν,
260 2115 293 2159 καί
308 2112 366 2171 χύριν
377 2112 398 2157 δὲ
409 2111 488 2164 εἰκότως
497 2111 549 2157 αύτοί
560 2112 652 2169 όνομόζει
663 2114 754 2171 μάλιστα,

41 2187 107 2245 έπειδῆ
123 2186 187 2246 δωρεαί
203 2184 269 2243 σοφῆς
282 2201 312 2237 τις
326 2187 362 2229 τοῦ
377 2186 427 2228 θεοῦ
442 2183 483 2227 ἐστι
496 2181 521 2227 τύ
536 2182 639 2242 διδόμενα,
661 2184 698 2230 οῦκ
716 2183 755 2232 ιίπύ

40 2266 76 2319 τῆς
85 2260 180 2319 ῆμετέρας
191 2257 257 2312 νῗξίας,
273 2255 314 2302 οἰλί
325 2254 364 2301 νίπδ
379 2259 414 2313 τῆς
429 2254 492 2300 αῦτοῦ
507 2259 621 2313 φιλοτιμίας
636 2258 705 2315 έχοντα
719 2257 757 2317 τῆν

41 2331 120 2393 ιίρχην”
137 2328 304 2390 ιίντιπαρεξετοίζει
319 2329 341 2374 δέ
354 2327 390 2373 τόν
403 2326 467 2385 νόμον
481 2331 542 2373 πᾶσιν
557 2328 642 2382 εἰκότως.
765 2355 785 2384 30

83 2410 122 2463 ΙΙΙ,
138 2411 171 2451 λθ.
199 2402 251 2450 Ἀντὶ
271 2406 307 2448 τοῦ
326 2404 387 2447 εἰπεῖν
406 2401 483 2446 τέλειοι·
505 2404 566 2446 τοῦτο
583 2401 622 2458 γύρ
643 2401 759 2450 ἰιιιύλουθον

42 2479 93 2541 πρὸς
107 2477 130 2523 τό
145 2476 185 2523 ῦιιό
200 2474 330 2533 παιδαγωγόν
343 2473 366 2519 τό
380 2474 421 2518 νίοἰ
435 2476 486 2518 θεοῦ
500 2475 571 2527 εἰπεῖν,
586 2478 614 2536 τη]
623 2474 661 2533 γίιρ
671 2479 709 2539 υἱῷ
722 2485 760 2524 τοῦ

43 2557 94 2600 θεοῦ
109 2550 169 2597 οῦδὲν
183 2552 244 2595 λείπει
259 2547 309 2607 πρδς
323 2546 440 2605 τελειότητα.

85 2628 122 2679 ΙΙΙ,
138 2628 172 2668 28.
189 2628 222 2668 99.
254 2625 294 2679 Τῆς
311 2618 414 2676 παρούσης
431 2622 481 2674 ζωῆς
502 2616 552 2676 ιἰρχῆ
567 2619 603 2683 μέν
617 2626 659 2672 τοῖς
673 2626 735 2667 πόσιν
750 2622 761 2667 ό

90 2791 116 2818 ιι,
128 2782 146 2815 (Ι,
158 2781 185 2814 Cr,
198 2765 216 2821 ps
226 2780 252 2813 55.
266 2775 356 2821 Θεόδωρος
367 2773 386 2810 δέ
398 2784 460 2821 φησιν’
485 2784 509 2810 ιι.
524 2778 540 2811 C.
553 2778 579 2812 Gr,
593 2787 607 2820 ρ,
621 2779 648 2813 57,
661 2778 681 2814 (τ).
706 2782 761 2815 31.st

46 2844 72 2879 Gr.
86 2855 101 2887 p.
113 2842 139 2877 58.
158 2839 178 2875 (θ.
201 2847 232 2879 τι.
245 2839 291 2882 Quae
307 2839 389 2873 adduntur
404 2834 519 2880 ΙΙΙιιγεοειοιιιί
536 2842 582 2881 suut,
601 2841 663 2874 utiam
676 2842 762 2876 adnotavit

47 2905 121 2938 Cramer.
146 2909 171 2934 τι.
185 2901 202 2934 C.
215 2900 241 2935 Gr,
254 2911 269 2943 γ,
281 2900 308 2934 59,
321 2897 357 2942 (Θ.)
365 2891 422 2937 ’Ἄλλος
433 2908 457 2938 τις
468 2894 488 2932 τὸ
501 2893 543 2933 αῦτό
556 2893 607 2943 ῥητόν
619 2892 653 2935 τόδε
665 2897 714 2945 λέγει·
