1723 3073
209 519 374 577 THEODORI
390 524 608 581 MOPSVESTENI

397 678 415 704 ut

49 779 185 821 EPlSTOLAM
199 783 303 822 ualonuth
315 785 385 822 uuum
397 787 429 822 Au
442 787 585 827 TilllOTHEUill
597 789 762 829 Gontlluuuluu

332 883 484 928 FRAGMENTA.

90 1169 107 1221 I,
126 1171 144 1211 3.
161 1171 179 1212 lt.
210 1167 239 1213 05
257 1168 290 1214 διά
308 1168 330 1214 τὸ
346 1170 490 1230 παραγγέλλειν
507 1171 571 1230 μένον
585 1173 623 1217 τισὶ
637 1172 663 1231 μά
679 1172 762 1231 έτεροδι-

49 1241 156 1284 δασααλεῖν
170 1240 273 1285 κατέλιπεν
285 1241 347 1287 αὐτὸν
358 1243 379 1287 έν
392 1242 477 1304 Ἐφέσῳ,
493 1244 543 1289 άλλά
552 1246 585 1289 ααί
595 1244 658 1301 πάσης
669 1246 763 1302 ἐπιμελεῖ-

49 1316 98 1355 σθαι
111 1314 146 1369 τῆς
161 1312 320 1372 ἐναλιγσιαστιαῆς
329 1314 475 1368 καταστάσει-ος,
491 1317 536 1375 περί
545 1311 568 1375 ἧς
578 1315 632 1378 αὐτῷ
646 1317 678 1361 nol
694 1315 762 1374 γεγρά-

49 1401 105 1441 papae.
134 1388 204 1442 Δῆλον
218 1385 239 1430 δέ
255 1385 286 1431 δτι
298 1385 321 1431 τὸ
335 1389 368 1431 ίνα
380 1389 514 1447 παραγγείλῃς
525 1389 564 1433 τισί
576 1389 620 1446 περὶ
632 1392 673 1434 τάν
686 1390 763 1434 οίαείαν

50 1455 113 1513 λέγει,
129 1455 206 1515 οάγγάρ
222 1456 246 1515 δὴ
261 1463 303 1515 τοῖς
320 1457 431 1517 άλλοτρίοις
445 1459 587 1517 παραγγέλλειν
604 1458 700 1518 ἠδύνατο,
718 1458 763 1505 τοά-
781 1476 789 1503 ε

49 1530 131 1573 ναντίον
144 1527 183 1586 γάρ
198 1530 231 1574 ααί
244 1529 308 1575 πολλά
322 1530 374 1576 αααά
388 1529 489 1588 ὑπέμενον
506 1531 551 1590 παρ’
571 1533 657 1577 έαείναν·
677 1532 729 1589 λέγει
742 1532 765 1576 δέ

49 1600 93 1657 περὶ
107 1603 147 1644 τῶν
162 1601 184 1644 έα
197 1605 315 1659 περιτομῆς,
336 1607 356 1647 οἳ
369 1602 435 1647 πολάν
448 1601 500 1660 ὑπὲρ
514 1607 551 1648 τοῦ
565 1602 630 1660 νόμον
645 1607 708 1661 δῆθεν
722 1619 766 1647 ποι-

50 1668 132 1728 ούμενοι
146 1669 216 1729 λόγον,
236 1672 284 1725 τοδς
302 1672 341 1718 άπδ
361 1674 428 1720 ἐθνῶν
443 1675 556 1732 ἐπεχείρουν
571 1674 671 1721 διδάσκειν
685 1676 765 1720 ἐναντία

49 1745 86 1786 τοῦ
100 1748 236 1800 χριστιανιιιοῦ
248 1744 353 1802 δόγματος.
379 1746 437 1802 Λέγει
448 1748 526 1801 τοίνυν,
541 1750 590 1791 πᾶσι
601 1746 637 1803 μέν
648 1746 764 1803 παράγγελε,

49 1814 204 1872 προηγουμένας
217 1816 238 1860 δέ
251 1822 293 1868 τοῖς
305 1816 345 1862 άπδ
358 1818 425 1862 έθνάν
438 1817 464 1875 μὴ
475 1817 578 1875 προσέχειν
590 1824 631 1870 τοῖς
641 1816 715 1874 μάθοις
724 1824 790 1870 τοῖςιο

49 1882 82 1929 ὑπ’
93 1885 173 1930 έαείνοιν
185 1887 299 1943 λεγομένοις
313 1889 345 1932 καὶ
358 1894 401 1940 ταῖς
415 1891 558 1945 γενεαλογίαις
577 1888 653 1946 πολλὴν
663 1888 702 1947 γάρ
712 1889 765 1934 έποι-

93 2008 191 2042 Theodorus
204 2010 343 2043 courmentariuru
356 2011 373 2043 in
381 2011 428 2044 Pauli
440 2012 461 2044 ad
471 2012 578 2045 Timotheum
590 2012 669 2054 epistolas
683 2013 765 2046 Ehediesu

51 2073 93 2103 teste
105 2070 126 2102 ad
138 2069 205 2101 Petrum
217 2070 269 2103 misit.
293 2071 393 2113 Fragmenta
405 2072 483 2113 leguntur
500 2072 517 2104 in
529 2072 549 2104 l.:
569 2072 641 2106 Catenae
657 2074 673 2106 in
690 2084 703 2106 s.
719 2073 764 2105 Pauli

50 2128 129 2171 epistolas
141 2128 162 2161 ad
174 2127 290 2172 Timotheum,
308 2129 373 2171 Titum,
390 2129 489 2163 Philemona
502 2134 518 2163 et
530 2130 551 2163 ad
563 2131 654 2166 Hebraeos.
678 2131 702 2164 la
715 2132 764 2165 fidem

50 2190 99 2222 oodtl.
111 2199 149 2221 mss.
157 2189 189 2228 uod.
206 2190 219 2221 L
233 2189 252 2221 Α.
265 2190 339 2223 Cramer.
355 2190 408 2223 Oxou.
421 2190 469 2224 1853.
482 2191 498 2222 8.
510 2192 583 2224 Catenae
595 2202 615 2223 ex
626 2192 685 2224 eodem
697 2192 725 2223 illo
737 2202 764 2225 oo-

50 2249 87 2280 diee
106 2247 157 2280 Coisl.
174 2248 272 2289 desumptae
289 2253 337 2285 sunt,
353 2250 373 2281 de
388 2259 420 2291 quo
437 2251 507 2283 diximus
523 2261 538 2292 p.
551 2252 588 2286 lai,
611 2251 657 2291 Quae
674 2254 731 2283 catena
747 2252 763 2284 in

50 2309 97 2341 Pauli
109 2308 197 2350 epistolam
210 2309 284 2350 priorem
297 2311 317 2342 ad
326 2310 433 2343 Timotheum
446 2311 530 2349 eontinet,
543 2320 561 2342 ea
574 2311 629 2343 omnia
638 2311 764 2352 chrysostomus

50 2369 173 2411 suppeditavit,
189 2369 202 2401 si
221 2378 274 2411 pauca
290 2369 382 2411 expeperis.
408 2370 457 2404 illitto
471 2370 572 2406 theodorea.
590 2369 676 2404 severiani
693 2374 765 2412 quatuor

49 2433 114 2462 tantum
126 2429 191 2462 scholia
199 2430 278 2472 leguntur
289 2439 305 2471 p.
314 2430 329 2462 8.
341 2431 368 2462 22.
380 2429 407 2462 λλ.
419 2429 440 2461 ta
453 2429 518 2471 (Priora
526 2439 541 2463 v.
553 2425 640 2462 Ἐνταῦθα
650 2450 664 2456 -
672 2424 765 2473 άτιάμνηοις

50 2492 88 2522 sunt
101 2487 233 2535 Chrysoslomi),
249 2489 310 2523 inoerti
322 2489 396 2522 auctoris
408 2492 447 2521 sunt
462 2489 511 2522 haec:
528 2499 544 2531 p.
556 2490 582 2522 13.
594 2489 623 2522 liu.
635 2489 661 2522 16.
673 2500 689 2532 p.
701 2490 723 2523 22
735 2491 764 2524 lin.

50 2550 65 2582 1.
77 2549 104 2582 20.
116 2559 132 2590 p,
145 2549 165 2582 31
178 2549 190 2581 i.
201 2550 228 2582 25.
241 2560 256 2592 p.
269 2549 312 2583 aul.
325 2549 373 2581 3-7.
386 2559 402 2590 p.
416 2548 436 2580 33
448 2548 458 2581 l.
471 2544 578 2591 θθδιέοιησε
593 2568 605 2574 -
621 2549 648 2583 25.
663 2560 679 2591 p.
692 2550 736 2584 381.
750 2553 765 2583 5.

50 2620 65 2652 p.
80 2610 102 2643 to
118 2610 129 2642 l.
145 2610 160 2642 2.
173 2611 188 2644 3.
204 2611 219 2643 5.
232 2610 281 2644 7-9
297 2630 310 2635 -
327 2608 382 2653 φασίν,
396 2609 473 2642 23-28.
491 2618 507 2650 p.
524 2608 545 2641 λλ
560 2609 571 2644 Ι,
582 2609 608 2643 ha.
624 2610 651 2645 ut.
670 2621 686 2652 p.
697 2611 719 2644 -l'i
730 2612 765 2645 l.5

50 2671 100 2703 τιοῖον
115 2689 128 2694 -
145 2671 160 2703 7,
176 2670 202 2702 25.
222 2672 280 2704 Restat
298 2671 362 2713 prolixa
374 2670 474 2712 disputatio,
490 2669 517 2712 qui
533 2669 595 2703 faotrrm
611 2671 633 2704 sit
647 2674 665 2704 ut
680 2672 763 2715 episcopi,

51 2730 80 2770 qui
91 2729 175 2770 principio
188 2729 269 2770 (lignitate
281 2738 329 2771 pares
342 2729 404 2760 luerint
416 2729 529 2770 preshyteris,
541 2730 621 2762 maiorem
630 2731 691 2764 deinde
699 2733 764 2764 nausis-

51 2791 130 2821 oerentur
142 2789 261 2822 auotoritatem
274 2794 290 2823 et
302 2789 394 2832 potentiam
406 2799 421 2830 p.
434 2788 454 2821 ΞΤ
467 2788 477 2820 l.
489 2787 510 2820 25
523 2786 542 2822 τὸ
554 2785 628 2823 παλαιάν
639 2810 653 2815 —
666 2802 681 2833 p.
690 2792 711 2824 25
719 2793 730 2825 l.
740 2792 763 2823 l'i.

51 2849 98 2881 Hane
110 2849 127 2881 in
136 2848 257 2891 Chrysostomo
270 2850 332 2884 trustra
345 2849 424 2892 quaesivi.
445 2849 514 2882 Videtur
526 2850 610 2883 Theodori
622 2860 664 2884 esse.
672 2872 675 2877 ι
684 2859 698 2884 1.
711 2853 727 2886 G.
737 2851 763 2884 Cr.

51 2918 67 2950 p.
80 2907 95 2942 5.
108 2907 143 2952 (Θ.)
152 2902 208 2949 ’Ἄλλος
220 2906 238 2944 δέ
250 2920 312 2955 φησιν’
