<?xml version="1.0" encoding="UTF-8"?>
<!DOCTYPE html PUBLIC "-//W3C//DTD XHTML 1.0 Transitional//EN"
    "http://www.w3.org/TR/xhtml1/DTD/xhtml1-transitional.dtd">
<html xmlns="http://www.w3.org/1999/xhtml" xml:lang="en" lang="en">
 <head>
  <title>
</title>
<meta http-equiv="Content-Type" content="text/html;charset=utf-8" />
  <meta name='ocr-system' content='tesseract 3.04.00' />
  <meta name='ocr-capabilities' content='ocr_page ocr_carea ocr_par ocr_line ocrx_word'/>
</head>
<body>
  <div class='ocr_page' id='page_1' title='image "MN40295ucmf_0_0212.png"; bbox 0 0 1773 3073; ppageno 0'>
   <div class='ocr_carea' id='block_1_1' title="bbox 109 112 607 151">
    <p class='ocr_par' dir='ltr' id='par_1_1' title="bbox 109 112 607 151">
     <span class='ocr_line' id='line_1_1' title="bbox 109 112 607 151; baseline 0.006 -3"><span class='ocrx_word' id='word_1_1' title='bbox 109 112 142 148; x_wconf 75' lang='lat'><em>168</em></span> <span class='ocrx_word' id='word_1_2' title='bbox 330 114 442 149; x_wconf 84' lang='lat' dir='ltr'>THEODORI</span> <span class='ocrx_word' id='word_1_3' title='bbox 454 115 607 151; x_wconf 78' lang='lat' dir='ltr'><strong>MOPSVESTENI</strong></span> 
     </span>
    </p>
   </div>
   <div class='ocr_carea' id='block_1_2' title="bbox 83 218 886 2950">
    <p class='ocr_par' dir='ltr' id='par_1_2' title="bbox 83 218 886 2950">
     <span class='ocr_line' id='line_1_2' title="bbox 108 218 823 288; baseline 0.003 -24"><span class='ocrx_word' id='word_1_4' title='bbox 108 220 156 278; x_wconf 84' lang='grc' dir='ltr'><em>μήτε</em></span> <span class='ocrx_word' id='word_1_5' title='bbox 171 225 220 276; x_wconf 79' lang='grc' dir='ltr'><em>ζωῆς</em></span> <span class='ocrx_word' id='word_1_6' title='bbox 233 219 288 270; x_wconf 81' lang='grc' dir='ltr'><em>τέλος</em></span> <span class='ocrx_word' id='word_1_7' title='bbox 298 219 357 275; x_wconf 79' lang='grc' dir='ltr'><em>έχων,</em></span> <span class='ocrx_word' id='word_1_8' title='bbox 373 218 410 264; x_wconf 87' lang='grc' dir='ltr'><em>οῦα</em></span> <span class='ocrx_word' id='word_1_9' title='bbox 420 221 441 265; x_wconf 90' lang='grc' dir='ltr'><em>ἐν</em></span> <span class='ocrx_word' id='word_1_10' title='bbox 451 225 475 279; x_wconf 77' lang='grc' dir='ltr'><em>τῇ</em></span> <span class='ocrx_word' id='word_1_11' title='bbox 486 221 554 278; x_wconf 89' lang='grc' dir='ltr'><em>φῦσει,</em></span> <span class='ocrx_word' id='word_1_12' title='bbox 570 221 611 288; x_wconf 79' lang='grc' dir='ltr'><em>ἀλλ’</em></span> <span class='ocrx_word' id='word_1_13' title='bbox 623 222 644 265; x_wconf 80' lang='grc' dir='ltr'><em>ἐν</em></span> <span class='ocrx_word' id='word_1_14' title='bbox 653 224 679 279; x_wconf 83' lang='grc' dir='ltr'><em>τή</em></span> <span class='ocrx_word' id='word_1_15' title='bbox 688 224 735 282; x_wconf 84' lang='grc' dir='ltr'><em>θείη</em></span> <span class='ocrx_word' id='word_1_16' title='bbox 747 227 823 281; x_wconf 58' lang='grc' dir='ltr'><em>γραφήι</em></span> 
     </span>
     <span class='ocr_line' id='line_1_3' title="bbox 108 287 825 351; baseline 0.001 -14"><span class='ocrx_word' id='word_1_17' title='bbox 108 294 148 337; x_wconf 81' lang='grc' dir='ltr'><em>Καί</em></span> <span class='ocrx_word' id='word_1_18' title='bbox 164 289 231 346; x_wconf 85' lang='grc' dir='ltr'><em>ἐπειδή</em></span> <span class='ocrx_word' id='word_1_19' title='bbox 251 294 314 335; x_wconf 90' lang='grc' dir='ltr'><em>ταῦτα</em></span> <span class='ocrx_word' id='word_1_20' title='bbox 334 290 422 336; x_wconf 84' lang='grc' dir='ltr'><em>δυνατὸν</em></span> <span class='ocrx_word' id='word_1_21' title='bbox 436 287 462 349; x_wconf 86' lang='grc' dir='ltr'><em>ήν</em></span> <span class='ocrx_word' id='word_1_22' title='bbox 475 294 508 336; x_wconf 85' lang='grc' dir='ltr'><em>ααί</em></span> <span class='ocrx_word' id='word_1_23' title='bbox 523 291 552 336; x_wconf 78' lang='grc' dir='ltr'><em>ἐπ’</em></span> <span class='ocrx_word' id='word_1_24' title='bbox 568 293 631 338; x_wconf 81' lang='grc' dir='ltr'><em>ἀλλον</em></span> <span class='ocrx_word' id='word_1_25' title='bbox 645 291 748 349; x_wconf 84' lang='grc' dir='ltr'><em>λέγεσθαι,</em></span> <span class='ocrx_word' id='word_1_26' title='bbox 768 294 825 351; x_wconf 89' lang='grc' dir='ltr'><em>ἐμνη-</em></span> 
     </span>
     <span class='ocr_line' id='line_1_4' title="bbox 109 361 826 425; baseline 0.004 -17"><span class='ocrx_word' id='word_1_27' title='bbox 109 363 191 423; x_wconf 85' lang='grc' dir='ltr'><em>μόνευσε</em></span> <span class='ocrx_word' id='word_1_28' title='bbox 205 361 243 421; x_wconf 84' lang='grc' dir='ltr'><em>γάρ</em></span> <span class='ocrx_word' id='word_1_29' title='bbox 259 361 271 421; x_wconf 87' lang='grc' dir='ltr'><em>ή</em></span> <span class='ocrx_word' id='word_1_30' title='bbox 285 364 332 409; x_wconf 87' lang='grc' dir='ltr'><em>θεία</em></span> <span class='ocrx_word' id='word_1_31' title='bbox 346 363 414 423; x_wconf 89' lang='grc' dir='ltr'><em>γραφή</em></span> <span class='ocrx_word' id='word_1_32' title='bbox 429 369 518 418; x_wconf 94' lang='grc' dir='ltr'><em>πολλῶν,</em></span> <span class='ocrx_word' id='word_1_33' title='bbox 534 366 582 412; x_wconf 89' lang='grc' dir='ltr'><em>οῦτε</em></span> <span class='ocrx_word' id='word_1_34' title='bbox 591 365 640 419; x_wconf 82' lang='grc' dir='ltr'><em>τοῦς</em></span> <span class='ocrx_word' id='word_1_35' title='bbox 649 365 720 425; x_wconf 89' lang='grc' dir='ltr'><em>γονέας</em></span> <span class='ocrx_word' id='word_1_36' title='bbox 731 368 826 419; x_wconf 79' lang='grc' dir='ltr'><em>εἰποῦσα,</em></span> 
     </span>
     <span class='ocr_line' id='line_1_5' title="bbox 109 435 827 496; baseline 0.004 -15"><span class='ocrx_word' id='word_1_37' title='bbox 109 436 154 481; x_wconf 83' lang='grc' dir='ltr'><em>οῦτε</em></span> <span class='ocrx_word' id='word_1_38' title='bbox 171 435 208 493; x_wconf 86' lang='grc' dir='ltr'><em>τήν</em></span> <span class='ocrx_word' id='word_1_39' title='bbox 227 438 356 493; x_wconf 70' lang='grc' dir='ltr'><em>γενεαλογίαν</em></span> <span class='ocrx_word' id='word_1_40' title='bbox 375 437 481 495; x_wconf 89' lang='grc' dir='ltr'><em>ἐπθεμένη,</em></span> <span class='ocrx_word' id='word_1_41' title='bbox 501 440 534 483; x_wconf 85' lang='grc' dir='ltr'><em>ααὶ</em></span> <span class='ocrx_word' id='word_1_42' title='bbox 552 437 636 496; x_wconf 74' lang='grc' dir='ltr'><em>μάλιστα</em></span> <span class='ocrx_word' id='word_1_43' title='bbox 656 438 716 490; x_wconf 80' lang='grc' dir='ltr'><em>ὅσους</em></span> <span class='ocrx_word' id='word_1_44' title='bbox 734 439 770 493; x_wconf 82' lang='grc' dir='ltr'><em>ἐξω</em></span> <span class='ocrx_word' id='word_1_45' title='bbox 790 443 827 484; x_wconf 87' lang='grc' dir='ltr'><em>τοῦ</em></span> 
     </span>
     <span class='ocr_line' id='line_1_6' title="bbox 93 508 827 570; baseline 0.005 -17"><span class='ocrx_word' id='word_1_46' title='bbox 93 508 248 567; x_wconf 66' lang='grc' dir='ltr'><em>ι’λσραηλιτιιιοῦ</em></span> <span class='ocrx_word' id='word_1_47' title='bbox 265 509 337 566; x_wconf 84' lang='grc' dir='ltr'><em>γένους</em></span> <span class='ocrx_word' id='word_1_48' title='bbox 355 508 463 568; x_wconf 82' lang='grc' dir='ltr'><em>γεγονότας</em></span> <span class='ocrx_word' id='word_1_49' title='bbox 481 510 635 569; x_wconf 68' lang='grc' dir='ltr'><em>μεμαθήκαμεν,</em></span> <span class='ocrx_word' id='word_1_50' title='bbox 656 514 721 563; x_wconf 78' lang='grc' dir='ltr'><em>καλῶς</em></span> <span class='ocrx_word' id='word_1_51' title='bbox 740 509 827 570; x_wconf 88' lang='grc' dir='ltr'><em>ἐπήγαγε</em></span> 
     </span>
     <span class='ocr_line' id='line_1_7' title="bbox 107 579 827 642; baseline 0.003 -17"><span class='ocrx_word' id='word_1_52' title='bbox 107 580 139 625; x_wconf 88' lang='grc' dir='ltr'><em>τὸ·</em></span> <span class='ocrx_word' id='word_1_53' title='bbox 163 579 321 638; x_wconf 74' lang='grc' dir='ltr'><em>ἀφωμοιωμένος</em></span> <span class='ocrx_word' id='word_1_54' title='bbox 340 582 362 627; x_wconf 84' lang='grc' dir='ltr'><em>δέ</em></span> <span class='ocrx_word' id='word_1_55' title='bbox 376 586 404 641; x_wconf 78' lang='grc' dir='ltr'><em>τῷ</em></span> <span class='ocrx_word' id='word_1_56' title='bbox 418 585 456 642; x_wconf 75' lang='grc' dir='ltr'><em>υἱῷ</em></span> <span class='ocrx_word' id='word_1_57' title='bbox 470 587 507 626; x_wconf 91' lang='grc' dir='ltr'><em>τοῦ</em></span> <span class='ocrx_word' id='word_1_58' title='bbox 521 586 585 633; x_wconf 87' lang='grc' dir='ltr'><em>θεοῦ,</em></span> <span class='ocrx_word' id='word_1_59' title='bbox 607 583 661 639; x_wconf 87' lang='grc' dir='ltr'><em>μένει</em></span> <span class='ocrx_word' id='word_1_60' title='bbox 679 582 744 638; x_wconf 88' lang='grc' dir='ltr'><em>ίερεῦς</em></span> <span class='ocrx_word' id='word_1_61' title='bbox 762 586 790 634; x_wconf 88' lang='grc' dir='ltr'><em>είς</em></span> <span class='ocrx_word' id='word_1_62' title='bbox 803 584 827 627; x_wconf 81' lang='grc' dir='ltr'><em>τὸ</em></span> 
     </span>
     <span class='ocr_line' id='line_1_8' title="bbox 108 649 826 711; baseline 0.003 -14"><span class='ocrx_word' id='word_1_63' title='bbox 108 652 204 710; x_wconf 75' lang='grc' dir='ltr'><em>διηνεκές,</em></span> <span class='ocrx_word' id='word_1_64' title='bbox 220 651 287 697; x_wconf 84' lang='grc' dir='ltr'><em>οῦαέτι</em></span> <span class='ocrx_word' id='word_1_65' title='bbox 301 652 339 711; x_wconf 87' lang='grc' dir='ltr'><em>γάρ</em></span> <span class='ocrx_word' id='word_1_66' title='bbox 354 654 386 698; x_wconf 86' lang='grc' dir='ltr'><em>ναὶ</em></span> <span class='ocrx_word' id='word_1_67' title='bbox 401 658 461 699; x_wconf 85' lang='grc' dir='ltr'><em>τοῦτο</em></span> <span class='ocrx_word' id='word_1_68' title='bbox 475 653 524 711; x_wconf 79' lang='grc' dir='ltr'><em>μεταλ</em></span> <span class='ocrx_word' id='word_1_69' title='bbox 538 658 579 699; x_wconf 89' lang='grc' dir='ltr'><em>τῶν</em></span> <span class='ocrx_word' id='word_1_70' title='bbox 593 658 669 699; x_wconf 88' lang='grc' dir='ltr'><em>λοιπῶν</em></span> <span class='ocrx_word' id='word_1_71' title='bbox 680 649 707 710; x_wconf 79' lang='grc' dir='ltr'><em>ἦν</em></span> <span class='ocrx_word' id='word_1_72' title='bbox 717 652 746 698; x_wconf 78' lang='grc' dir='ltr'><em>ἐπ’</em></span> <span class='ocrx_word' id='word_1_73' title='bbox 757 653 826 707; x_wconf 88' lang='grc' dir='ltr'><em>ἀλλον,</em></span> 
     </span>
     <span class='ocr_line' id='line_1_9' title="bbox 109 723 827 786; baseline 0 -17"><span class='ocrx_word' id='word_1_74' title='bbox 109 724 201 781; x_wconf 78' lang='grc' dir='ltr'><em>ἐμφαίνει</em></span> <span class='ocrx_word' id='word_1_75' title='bbox 215 724 236 769; x_wconf 83' lang='grc' dir='ltr'><em>δέ</em></span> <span class='ocrx_word' id='word_1_76' title='bbox 251 723 290 770; x_wconf 85' lang='grc' dir='ltr'><em>ἀπὸ</em></span> <span class='ocrx_word' id='word_1_77' title='bbox 305 729 340 782; x_wconf 80' lang='grc' dir='ltr'><em>τῆς</em></span> <span class='ocrx_word' id='word_1_78' title='bbox 354 724 405 771; x_wconf 85' lang='grc' dir='ltr'><em>ναιά</em></span> <span class='ocrx_word' id='word_1_79' title='bbox 419 724 456 783; x_wconf 84' lang='grc' dir='ltr'><em>τήν</em></span> <span class='ocrx_word' id='word_1_80' title='bbox 470 724 551 784; x_wconf 85' lang='grc' dir='ltr'><em>γραφήν</em></span> <span class='ocrx_word' id='word_1_81' title='bbox 566 725 684 783; x_wconf 73' lang='grc' dir='ltr'><em>διηγήσεως,</em></span> <span class='ocrx_word' id='word_1_82' title='bbox 703 726 757 777; x_wconf 83' lang='grc' dir='ltr'><em>ὅπως</em></span> <span class='ocrx_word' id='word_1_83' title='bbox 772 725 827 786; x_wconf 73' lang='grc' dir='ltr'><em>αῦτηῦ</em></span> 
     </span>
     <span class='ocr_line' id='line_1_10' title="bbox 108 795 827 856; baseline 0.001 -16"><span class='ocrx_word' id='word_1_84' title='bbox 108 797 141 840; x_wconf 84' lang='grc' dir='ltr'><em>ααί</em></span> <span class='ocrx_word' id='word_1_85' title='bbox 155 795 179 840; x_wconf 88' lang='grc' dir='ltr'><em>τά</em></span> <span class='ocrx_word' id='word_1_86' title='bbox 194 795 254 840; x_wconf 86' lang='grc' dir='ltr'><em>λοιπά</em></span> <span class='ocrx_word' id='word_1_87' title='bbox 268 801 356 855; x_wconf 86' lang='grc' dir='ltr'><em>προσήν,</em></span> <span class='ocrx_word' id='word_1_88' title='bbox 378 797 431 855; x_wconf 83' lang='grc' dir='ltr'><em>ἀδή</em></span> <span class='ocrx_word' id='word_1_89' title='bbox 449 799 481 842; x_wconf 87' lang='grc' dir='ltr'><em>ναί</em></span> <span class='ocrx_word' id='word_1_90' title='bbox 498 801 563 843; x_wconf 91' lang='grc' dir='ltr'><em>τοῦτο.</em></span> <span class='ocrx_word' id='word_1_91' title='bbox 593 799 633 842; x_wconf 79' lang='grc' dir='ltr'><em>Καὶ</em></span> <span class='ocrx_word' id='word_1_92' title='bbox 652 796 691 856; x_wconf 88' lang='grc' dir='ltr'><em>γάρ</em></span> <span class='ocrx_word' id='word_1_93' title='bbox 710 795 720 842; x_wconf 90' lang='grc' dir='ltr'><em>δ</em></span> <span class='ocrx_word' id='word_1_94' title='bbox 740 796 827 855; x_wconf 85' lang='grc' dir='ltr'><em>Χριστὸς</em></span> 
     </span>
     <span class='ocr_line' id='line_1_11' title="bbox 83 863 827 929; baseline 0.003 -18"><span class='ocrx_word' id='word_1_95' title='bbox 83 863 134 927; x_wconf 82' lang='grc' dir='ltr'><em>ιοήν</em></span> <span class='ocrx_word' id='word_1_96' title='bbox 148 867 184 926; x_wconf 80' lang='grc' dir='ltr'><em>μέν</em></span> <span class='ocrx_word' id='word_1_97' title='bbox 199 866 281 928; x_wconf 87' lang='grc' dir='ltr'><em>ἀπάτωρ</em></span> <span class='ocrx_word' id='word_1_98' title='bbox 295 868 386 927; x_wconf 73' lang='grc' dir='ltr'><em>γεννήσει</em></span> <span class='ocrx_word' id='word_1_99' title='bbox 402 873 437 928; x_wconf 84' lang='grc' dir='ltr'><em>τής</em></span> <span class='ocrx_word' id='word_1_100' title='bbox 454 869 582 927; x_wconf 71' lang='grc' dir='ltr'><em>ἀνθρωπείας</em></span> <span class='ocrx_word' id='word_1_101' title='bbox 599 869 687 929; x_wconf 89' lang='grc' dir='ltr'><em>φῦσεως,</em></span> <span class='ocrx_word' id='word_1_102' title='bbox 709 868 790 929; x_wconf 84' lang='grc' dir='ltr'><em>ἀμήτωρ</em></span> <span class='ocrx_word' id='word_1_103' title='bbox 805 870 827 914; x_wconf 77' lang='grc' dir='ltr'><em>δέ</em></span> 
     </span>
     <span class='ocr_line' id='line_1_12' title="bbox 108 940 826 999; baseline 0.003 -14"><span class='ocrx_word' id='word_1_104' title='bbox 108 945 132 999; x_wconf 82' lang='grc' dir='ltr'><em>τή</em></span> <span class='ocrx_word' id='word_1_105' title='bbox 146 940 237 999; x_wconf 87' lang='grc' dir='ltr'><em>γεννήσει</em></span> <span class='ocrx_word' id='word_1_106' title='bbox 250 945 285 999; x_wconf 86' lang='grc' dir='ltr'><em>τής</em></span> <span class='ocrx_word' id='word_1_107' title='bbox 299 944 357 994; x_wconf 82' lang='grc' dir='ltr'><em>θείας</em></span> <span class='ocrx_word' id='word_1_108' title='bbox 370 940 484 999; x_wconf 83' lang='grc' dir='ltr'><em>ῦπάρξεως,</em></span> <span class='ocrx_word' id='word_1_109' title='bbox 500 940 549 986; x_wconf 86' lang='grc' dir='ltr'><em>ἀλλά</em></span> <span class='ocrx_word' id='word_1_110' title='bbox 564 941 604 999; x_wconf 90' lang='grc' dir='ltr'><em>μήν</em></span> <span class='ocrx_word' id='word_1_111' title='bbox 618 944 650 986; x_wconf 89' lang='grc' dir='ltr'><em>ναί</em></span> <span class='ocrx_word' id='word_1_112' title='bbox 661 940 826 999; x_wconf 80' lang='grc' dir='ltr'><em>ἀγενεαλόγητος·</em></span> 
     </span>
     <span class='ocr_line' id='line_1_13' title="bbox 108 1011 828 1074; baseline 0.003 -17"><span class='ocrx_word' id='word_1_113' title='bbox 108 1015 137 1065; x_wconf 90' lang='grc' dir='ltr'><em>τίς</em></span> <span class='ocrx_word' id='word_1_114' title='bbox 151 1012 190 1072; x_wconf 84' lang='grc' dir='ltr'><em>γάρ</em></span> <span class='ocrx_word' id='word_1_115' title='bbox 205 1011 231 1057; x_wconf 86' lang='grc' dir='ltr'><em>ἀν</em></span> <span class='ocrx_word' id='word_1_116' title='bbox 245 1015 361 1071; x_wconf 80' lang='grc' dir='ltr'><em>γενεαλογία</em></span> <span class='ocrx_word' id='word_1_117' title='bbox 375 1018 412 1058; x_wconf 91' lang='grc' dir='ltr'><em>τοῦ</em></span> <span class='ocrx_word' id='word_1_118' title='bbox 427 1015 448 1058; x_wconf 86' lang='grc' dir='ltr'><em>ἐα</em></span> <span class='ocrx_word' id='word_1_119' title='bbox 462 1014 537 1074; x_wconf 85' lang='grc' dir='ltr'><em>πατρὸς</em></span> <span class='ocrx_word' id='word_1_120' title='bbox 547 1013 605 1067; x_wconf 86' lang='grc' dir='ltr'><em>ῦντος</em></span> <span class='ocrx_word' id='word_1_121' title='bbox 615 1012 689 1071; x_wconf 84' lang='grc' dir='ltr'><em>μόνον,·</em></span> <span class='ocrx_word' id='word_1_122' title='bbox 705 1013 735 1058; x_wconf 86' lang='grc' dir='ltr'><em>ὅτι</em></span> <span class='ocrx_word' id='word_1_123' title='bbox 746 1013 767 1059; x_wconf 85' lang='grc' dir='ltr'><em>δέ</em></span> <span class='ocrx_word' id='word_1_124' title='bbox 781 1013 828 1059; x_wconf 85' lang='grc' dir='ltr'><em>οῦτε</em></span> 
     </span>
     <span class='ocr_line' id='line_1_14' title="bbox 110 1085 827 1145; baseline 0 -15"><span class='ocrx_word' id='word_1_125' title='bbox 110 1085 173 1144; x_wconf 85' lang='grc' dir='ltr'><em>ἀργήν</em></span> <span class='ocrx_word' id='word_1_126' title='bbox 190 1086 270 1145; x_wconf 86' lang='grc' dir='ltr'><em>ήμερῶν</em></span> <span class='ocrx_word' id='word_1_127' title='bbox 289 1086 335 1143; x_wconf 85' lang='grc' dir='ltr'><em>ἐχει,</em></span> <span class='ocrx_word' id='word_1_128' title='bbox 358 1086 404 1131; x_wconf 90' lang='grc' dir='ltr'><em>οῦτε</em></span> <span class='ocrx_word' id='word_1_129' title='bbox 419 1090 468 1144; x_wconf 79' lang='grc' dir='ltr'><em>ζωῆς</em></span> <span class='ocrx_word' id='word_1_130' title='bbox 482 1087 549 1141; x_wconf 88' lang='grc' dir='ltr'><em>τέλος,</em></span> <span class='ocrx_word' id='word_1_131' title='bbox 571 1089 604 1131; x_wconf 82' lang='grc' dir='ltr'><em>ναί</em></span> <span class='ocrx_word' id='word_1_132' title='bbox 618 1091 677 1131; x_wconf 88' lang='grc' dir='ltr'><em>τοῦτο</em></span> <span class='ocrx_word' id='word_1_133' title='bbox 693 1090 763 1143; x_wconf 81' lang='grc' dir='ltr'><em>δῆλον,</em></span> <span class='ocrx_word' id='word_1_134' title='bbox 785 1085 827 1131; x_wconf 79' lang='grc' dir='ltr'><em>ἀλλ’</em></span> 
     </span>
     <span class='ocr_line' id='line_1_15' title="bbox 110 1156 827 1216; baseline -0.001 -12"><span class='ocrx_word' id='word_1_135' title='bbox 110 1159 199 1204; x_wconf 83' lang='grc' dir='ltr'><em>ἐνταῦθα</em></span> <span class='ocrx_word' id='word_1_136' title='bbox 213 1157 250 1215; x_wconf 88' lang='grc' dir='ltr'><em>μέν</em></span> <span class='ocrx_word' id='word_1_137' title='bbox 264 1158 296 1203; x_wconf 86' lang='grc' dir='ltr'><em>ἐπί</em></span> <span class='ocrx_word' id='word_1_138' title='bbox 309 1161 350 1203; x_wconf 90' lang='grc' dir='ltr'><em>τῶν</em></span> <span class='ocrx_word' id='word_1_139' title='bbox 363 1156 495 1216; x_wconf 91' lang='grc' dir='ltr'><em>πραγμάτων,</em></span> <span class='ocrx_word' id='word_1_140' title='bbox 518 1159 558 1203; x_wconf 87' lang='grc' dir='ltr'><em>ἐαεῖ</em></span> <span class='ocrx_word' id='word_1_141' title='bbox 572 1158 594 1203; x_wconf 87' lang='grc' dir='ltr'><em>δέ</em></span> <span class='ocrx_word' id='word_1_142' title='bbox 608 1159 639 1204; x_wconf 80' lang='grc' dir='ltr'><em>ἐπὶ</em></span> <span class='ocrx_word' id='word_1_143' title='bbox 653 1162 688 1215; x_wconf 82' lang='grc' dir='ltr'><em>της</em></span> <span class='ocrx_word' id='word_1_144' title='bbox 705 1157 827 1216; x_wconf 69' lang='grc' dir='ltr'><em>διηγήσεως</em></span> 
     </span>
     <span class='ocr_line' id='line_1_16' title="bbox 84 1228 828 1287; baseline 0.001 -16"><span class='ocrx_word' id='word_1_145' title='bbox 84 1230 132 1275; x_wconf 79' lang='grc' dir='ltr'><em>ιετδ</em></span> <span class='ocrx_word' id='word_1_146' title='bbox 147 1230 183 1287; x_wconf 81' lang='grc' dir='ltr'><em>μέν</em></span> <span class='ocrx_word' id='word_1_147' title='bbox 198 1230 250 1285; x_wconf 86' lang='grc' dir='ltr'><em>ίερέα</em></span> <span class='ocrx_word' id='word_1_148' title='bbox 265 1230 331 1285; x_wconf 85' lang='grc' dir='ltr'><em>μένειν</em></span> <span class='ocrx_word' id='word_1_149' title='bbox 346 1232 373 1281; x_wconf 83' lang='grc' dir='ltr'><em>εἰς</em></span> <span class='ocrx_word' id='word_1_150' title='bbox 387 1229 411 1273; x_wconf 82' lang='grc' dir='ltr'><em>τὸ</em></span> <span class='ocrx_word' id='word_1_151' title='bbox 426 1229 514 1286; x_wconf 84' lang='grc' dir='ltr'><em>διηνεαές</em></span> <span class='ocrx_word' id='word_1_152' title='bbox 528 1228 568 1275; x_wconf 86' lang='grc' dir='ltr'><em>ἀπὸ</em></span> <span class='ocrx_word' id='word_1_153' title='bbox 582 1234 617 1285; x_wconf 83' lang='grc' dir='ltr'><em>τής</em></span> <span class='ocrx_word' id='word_1_154' title='bbox 631 1231 688 1280; x_wconf 87' lang='grc' dir='ltr'><em>θείας</em></span> <span class='ocrx_word' id='word_1_155' title='bbox 704 1229 760 1286; x_wconf 81' lang='grc' dir='ltr'><em>έλαβε</em></span> <span class='ocrx_word' id='word_1_156' title='bbox 780 1245 828 1286; x_wconf 83' lang='grc' dir='ltr'><em>γρα-</em></span> 
     </span>
     <span class='ocr_line' id='line_1_17' title="bbox 110 1298 829 1363; baseline 0.001 -18"><span class='ocrx_word' id='word_1_157' title='bbox 110 1305 158 1361; x_wconf 87' lang='grc' dir='ltr'><em>φής,</em></span> <span class='ocrx_word' id='word_1_158' title='bbox 180 1305 208 1363; x_wconf 74' lang='grc' dir='ltr'><em>τῷ</em></span> <span class='ocrx_word' id='word_1_159' title='bbox 222 1303 292 1345; x_wconf 77' lang='grc' dir='ltr'><em>εἰπεῖν·</em></span> <span class='ocrx_word' id='word_1_160' title='bbox 315 1299 340 1346; x_wconf 88' lang='grc' dir='ltr'><em>σῦ</em></span> <span class='ocrx_word' id='word_1_161' title='bbox 358 1298 377 1345; x_wconf 85' lang='grc' dir='ltr'><em>εί</em></span> <span class='ocrx_word' id='word_1_162' title='bbox 396 1298 459 1358; x_wconf 87' lang='grc' dir='ltr'><em>ίερεῦς</em></span> <span class='ocrx_word' id='word_1_163' title='bbox 477 1303 504 1353; x_wconf 84' lang='grc' dir='ltr'><em>είς</em></span> <span class='ocrx_word' id='word_1_164' title='bbox 522 1299 558 1346; x_wconf 86' lang='grc' dir='ltr'><em>τδν</em></span> <span class='ocrx_word' id='word_1_165' title='bbox 576 1303 639 1346; x_wconf 79' lang='grc' dir='ltr'><em>αἰῶνα</em></span> <span class='ocrx_word' id='word_1_166' title='bbox 653 1299 704 1346; x_wconf 89' lang='grc' dir='ltr'><em>αατά</em></span> <span class='ocrx_word' id='word_1_167' title='bbox 718 1300 755 1359; x_wconf 89' lang='grc' dir='ltr'><em>τήν</em></span> <span class='ocrx_word' id='word_1_168' title='bbox 772 1300 829 1355; x_wconf 85' lang='grc' dir='ltr'><em>τάξιν</em></span> 
     </span>
     <span class='ocr_line' id='line_1_18' title="bbox 111 1371 828 1433; baseline -0.001 -14"><span class='ocrx_word' id='word_1_169' title='bbox 111 1374 241 1432; x_wconf 79' lang='grc' dir='ltr'><em>Μελχισεδέκ,</em></span> <span class='ocrx_word' id='word_1_170' title='bbox 264 1371 335 1418; x_wconf 82' lang='grc' dir='ltr'><em>ῶσανεί</em></span> <span class='ocrx_word' id='word_1_171' title='bbox 353 1372 447 1419; x_wconf 84' lang='grc' dir='ltr'><em>αάαείνου</em></span> <span class='ocrx_word' id='word_1_172' title='bbox 465 1377 559 1431; x_wconf 76' lang='grc' dir='ltr'><em>διηνεκῶς</em></span> <span class='ocrx_word' id='word_1_173' title='bbox 577 1372 724 1433; x_wconf 84' lang='grc' dir='ltr'><em>λερατεῦοντος’</em></span> <span class='ocrx_word' id='word_1_174' title='bbox 747 1375 828 1431; x_wconf 84' lang='grc' dir='ltr'><em>διηνεαή</em></span> 
     </span>
     <span class='ocr_line' id='line_1_19' title="bbox 112 1444 829 1506; baseline -0.004 -14"><span class='ocrx_word' id='word_1_175' title='bbox 112 1446 133 1493; x_wconf 83' lang='grc' dir='ltr'><em>δὲ</em></span> <span class='ocrx_word' id='word_1_176' title='bbox 148 1445 210 1492; x_wconf 84' lang='grc' dir='ltr'><em>αὐτὸν</em></span> <span class='ocrx_word' id='word_1_177' title='bbox 225 1445 277 1506; x_wconf 88' lang='grc' dir='ltr'><em>ίερέα</em></span> <span class='ocrx_word' id='word_1_178' title='bbox 291 1445 391 1499; x_wconf 86' lang='grc' dir='ltr'><em>ἐαάλεσεν,</em></span> <span class='ocrx_word' id='word_1_179' title='bbox 414 1444 485 1491; x_wconf 86' lang='grc' dir='ltr'><em>ῶσανεί</em></span> <span class='ocrx_word' id='word_1_180' title='bbox 499 1446 660 1505; x_wconf 73' lang='grc' dir='ltr'><em>παραπέμψαντα</em></span> <span class='ocrx_word' id='word_1_181' title='bbox 677 1446 714 1504; x_wconf 90' lang='grc' dir='ltr'><em>τήν</em></span> <span class='ocrx_word' id='word_1_182' title='bbox 731 1447 829 1504; x_wconf 90' lang='grc' dir='ltr'><em>ίερατείαν</em></span> 
     </span>
     <span class='ocr_line' id='line_1_20' title="bbox 113 1517 828 1580; baseline -0.001 -16"><span class='ocrx_word' id='word_1_183' title='bbox 113 1522 140 1571; x_wconf 85' lang='grc' dir='ltr'><em>είς</em></span> <span class='ocrx_word' id='word_1_184' title='bbox 150 1518 266 1576; x_wconf 77' lang='grc' dir='ltr'><em>διαδόχους,</em></span> <span class='ocrx_word' id='word_1_185' title='bbox 277 1518 325 1576; x_wconf 79' lang='grc' dir='ltr'><em>ὅπερ</em></span> <span class='ocrx_word' id='word_1_186' title='bbox 336 1520 357 1563; x_wconf 93' lang='grc' dir='ltr'><em>ἐν</em></span> <span class='ocrx_word' id='word_1_187' title='bbox 367 1518 422 1580; x_wconf 82' lang='grc' dir='ltr'><em>νέμω</em></span> <span class='ocrx_word' id='word_1_188' title='bbox 434 1519 537 1576; x_wconf 81' lang='grc' dir='ltr'><em>συνέβαινε</em></span> <span class='ocrx_word' id='word_1_189' title='bbox 547 1521 648 1576; x_wconf 85' lang='grc' dir='ltr'><em>γίνεσθαι·</em></span> <span class='ocrx_word' id='word_1_190' title='bbox 662 1518 712 1564; x_wconf 78' lang='grc' dir='ltr'><em>ὅθεν</em></span> <span class='ocrx_word' id='word_1_191' title='bbox 721 1520 754 1563; x_wconf 83' lang='grc' dir='ltr'><em>ναί</em></span> <span class='ocrx_word' id='word_1_192' title='bbox 764 1517 828 1563; x_wconf 77' lang='grc' dir='ltr'><em>εἶπεν·</em></span> 
     </span>
     <span class='ocr_line' id='line_1_21' title="bbox 87 1589 829 1651; baseline -0.003 -14"><span class='ocrx_word' id='word_1_193' title='bbox 87 1590 271 1649; x_wconf 69' lang='grc' dir='ltr'><em>λϋάφωμοιωμένος</em></span> <span class='ocrx_word' id='word_1_194' title='bbox 285 1590 306 1635; x_wconf 87' lang='grc' dir='ltr'><em>δέ</em></span> <span class='ocrx_word' id='word_1_195' title='bbox 325 1593 352 1651; x_wconf 79' lang='grc' dir='ltr'><em>τῷ</em></span> <span class='ocrx_word' id='word_1_196' title='bbox 372 1593 409 1650; x_wconf 79' lang='grc' dir='ltr'><em>υίῷ</em></span> <span class='ocrx_word' id='word_1_197' title='bbox 429 1595 465 1635; x_wconf 89' lang='grc' dir='ltr'><em>τοῦ</em></span> <span class='ocrx_word' id='word_1_198' title='bbox 484 1595 544 1643; x_wconf 83' lang='grc' dir='ltr'><em>θεοῦ,</em></span> <span class='ocrx_word' id='word_1_199' title='bbox 564 1594 652 1648; x_wconf 88' lang='grc' dir='ltr'><em>ιιαίτοιγε</em></span> <span class='ocrx_word' id='word_1_200' title='bbox 669 1590 692 1635; x_wconf 85' lang='grc' dir='ltr'><em>τὸ</em></span> <span class='ocrx_word' id='word_1_201' title='bbox 713 1589 829 1636; x_wconf 76' lang='grc' dir='ltr'><em>ἀκόλουθον</em></span> 
     </span>
     <span class='ocr_line' id='line_1_22' title="bbox 112 1658 830 1723; baseline -0.001 -16"><span class='ocrx_word' id='word_1_202' title='bbox 112 1658 146 1720; x_wconf 84' lang='grc' dir='ltr'><em>ήν,</em></span> <span class='ocrx_word' id='word_1_203' title='bbox 161 1661 226 1723; x_wconf 79' lang='grc' dir='ltr'><em>τούτῳ</em></span> <span class='ocrx_word' id='word_1_204' title='bbox 237 1661 385 1719; x_wconf 74' lang='grc' dir='ltr'><em>ἀφωμοιῶσθαι</em></span> <span class='ocrx_word' id='word_1_205' title='bbox 395 1661 458 1718; x_wconf 88' lang='grc' dir='ltr'><em>λέγειν</em></span> <span class='ocrx_word' id='word_1_206' title='bbox 468 1662 553 1707; x_wconf 83' lang='grc' dir='ltr'><em>ἐαείνον·</em></span> <span class='ocrx_word' id='word_1_207' title='bbox 569 1660 593 1705; x_wconf 86' lang='grc' dir='ltr'><em>οῦ</em></span> <span class='ocrx_word' id='word_1_208' title='bbox 605 1661 643 1719; x_wconf 85' lang='grc' dir='ltr'><em>γάρ</em></span> <span class='ocrx_word' id='word_1_209' title='bbox 659 1660 670 1705; x_wconf 88' lang='grc' dir='ltr'>ὁ</span> <span class='ocrx_word' id='word_1_210' title='bbox 684 1666 763 1720; x_wconf 90' lang='grc' dir='ltr'><em>πρῶτος</em></span> <span class='ocrx_word' id='word_1_211' title='bbox 778 1661 830 1720; x_wconf 87' lang='grc' dir='ltr'><em>ἀφο-</em></span> 
     </span>
     <span class='ocr_line' id='line_1_23' title="bbox 113 1732 829 1796; baseline -0.001 -16"><span class='ocrx_word' id='word_1_212' title='bbox 113 1739 207 1794; x_wconf 87' lang='grc' dir='ltr'><em>μοιοῦται</em></span> <span class='ocrx_word' id='word_1_213' title='bbox 225 1739 253 1796; x_wconf 76' lang='grc' dir='ltr'><em>τῷ</em></span> <span class='ocrx_word' id='word_1_214' title='bbox 271 1734 364 1794; x_wconf 81' lang='grc' dir='ltr'><em>δευτέρῳ,</em></span> <span class='ocrx_word' id='word_1_215' title='bbox 387 1732 428 1777; x_wconf 82' lang='grc' dir='ltr'><em>ἀλλ’</em></span> <span class='ocrx_word' id='word_1_216' title='bbox 448 1733 515 1791; x_wconf 86' lang='grc' dir='ltr'><em>ἐπειδή</em></span> <span class='ocrx_word' id='word_1_217' title='bbox 532 1732 586 1792; x_wconf 88' lang='grc' dir='ltr'><em>παρά</em></span> <span class='ocrx_word' id='word_1_218' title='bbox 603 1732 668 1795; x_wconf 82' lang='grc' dir='ltr'><em>τοῦτφ</em></span> <span class='ocrx_word' id='word_1_219' title='bbox 686 1732 722 1790; x_wconf 85' lang='grc' dir='ltr'><em>μέν</em></span> <span class='ocrx_word' id='word_1_220' title='bbox 743 1735 796 1779; x_wconf 89' lang='grc' dir='ltr'><em>ἐστιν</em></span> <span class='ocrx_word' id='word_1_221' title='bbox 815 1732 829 1792; x_wconf 86' lang='grc' dir='ltr'><em>ή</em></span> 
     </span>
     <span class='ocr_line' id='line_1_24' title="bbox 114 1804 825 1867; baseline 0 -16"><span class='ocrx_word' id='word_1_222' title='bbox 114 1805 199 1865; x_wconf 86' lang='grc' dir='ltr'><em>ἀληθεία</em></span> <span class='ocrx_word' id='word_1_223' title='bbox 213 1811 253 1851; x_wconf 92' lang='grc' dir='ltr'><em>τῶν</em></span> <span class='ocrx_word' id='word_1_224' title='bbox 262 1806 393 1864; x_wconf 75' lang='grc' dir='ltr'><em>πραγμάτων,</em></span> <span class='ocrx_word' id='word_1_225' title='bbox 408 1806 476 1867; x_wconf 83' lang='grc' dir='ltr'><em>ἐνείνφ</em></span> <span class='ocrx_word' id='word_1_226' title='bbox 491 1806 513 1850; x_wconf 83' lang='grc' dir='ltr'><em>δέ</em></span> <span class='ocrx_word' id='word_1_227' title='bbox 527 1806 632 1862; x_wconf 88' lang='grc' dir='ltr'><em>πρόσεστιν</em></span> <span class='ocrx_word' id='word_1_228' title='bbox 647 1804 707 1850; x_wconf 80' lang='grc' dir='ltr'><em>οῦδὲν</em></span> <span class='ocrx_word' id='word_1_229' title='bbox 721 1805 825 1861; x_wconf 83' lang='grc' dir='ltr'><em>τοιοῦτων,</em></span> 
     </span>
     <span class='ocr_line' id='line_1_25' title="bbox 113 1876 829 1939; baseline 0 -16"><span class='ocrx_word' id='word_1_230' title='bbox 113 1884 141 1939; x_wconf 79' lang='grc' dir='ltr'><em>τῷ</em></span> <span class='ocrx_word' id='word_1_231' title='bbox 156 1879 178 1924; x_wconf 81' lang='grc' dir='ltr'><em>δέ</em></span> <span class='ocrx_word' id='word_1_232' title='bbox 193 1879 231 1923; x_wconf 87' lang='grc' dir='ltr'><em>ἐδει</em></span> <span class='ocrx_word' id='word_1_233' title='bbox 245 1881 279 1935; x_wconf 81' lang='grc' dir='ltr'><em>τῆς</em></span> <span class='ocrx_word' id='word_1_234' title='bbox 299 1877 415 1935; x_wconf 87' lang='grc' dir='ltr'><em>διηγήσεως,</em></span> <span class='ocrx_word' id='word_1_235' title='bbox 436 1881 501 1929; x_wconf 72' lang='grc' dir='ltr'><em>καλῶς</em></span> <span class='ocrx_word' id='word_1_236' title='bbox 521 1876 668 1935; x_wconf 75' lang='grc' dir='ltr'><em>ἀφωμοιῶσθαι</em></span> <span class='ocrx_word' id='word_1_237' title='bbox 685 1879 761 1923; x_wconf 87' lang='grc' dir='ltr'><em>ἐαείνον</em></span> <span class='ocrx_word' id='word_1_238' title='bbox 779 1878 829 1937; x_wconf 76' lang='grc' dir='ltr'><em>ἐφη,</em></span> 
     </span>
     <span class='ocr_line' id='line_1_26' title="bbox 88 1947 830 2009; baseline 0 -13"><span class='ocrx_word' id='word_1_239' title='bbox 88 1949 141 2004; x_wconf 72' lang='grc' dir='ltr'><em>ιόῶς</em></span> <span class='ocrx_word' id='word_1_240' title='bbox 156 1949 181 1996; x_wconf 88' lang='grc' dir='ltr'><em>ἀν</em></span> <span class='ocrx_word' id='word_1_241' title='bbox 195 1953 229 2008; x_wconf 86' lang='grc' dir='ltr'><em>τής</em></span> <span class='ocrx_word' id='word_1_242' title='bbox 243 1952 300 2003; x_wconf 85' lang='grc' dir='ltr'><em>θείας</em></span> <span class='ocrx_word' id='word_1_243' title='bbox 313 1954 393 2009; x_wconf 84' lang='grc' dir='ltr'><em>γραφής</em></span> <span class='ocrx_word' id='word_1_244' title='bbox 408 1950 439 1995; x_wconf 87' lang='grc' dir='ltr'><em>ἐπί</em></span> <span class='ocrx_word' id='word_1_245' title='bbox 453 1954 488 2009; x_wconf 84' lang='grc' dir='ltr'><em>τής</em></span> <span class='ocrx_word' id='word_1_246' title='bbox 502 1948 611 2008; x_wconf 86' lang='grc' dir='ltr'><em>διηγήσεως</em></span> <span class='ocrx_word' id='word_1_247' title='bbox 625 1947 716 2008; x_wconf 91' lang='grc' dir='ltr'><em>ὁμοίωμα</em></span> <span class='ocrx_word' id='word_1_248' title='bbox 734 1954 771 1996; x_wconf 86' lang='grc' dir='ltr'><em>τοῦ</em></span> <span class='ocrx_word' id='word_1_249' title='bbox 787 1951 830 1996; x_wconf 81' lang='grc' dir='ltr'><em>ἐσο-</em></span> 
     </span>
     <span class='ocr_line' id='line_1_27' title="bbox 114 2021 886 2086; baseline -0.003 -17"><span class='ocrx_word' id='word_1_250' title='bbox 114 2023 176 2084; x_wconf 88' lang='grc' dir='ltr'><em>μένου</em></span> <span class='ocrx_word' id='word_1_251' title='bbox 191 2025 253 2077; x_wconf 79' lang='grc' dir='ltr'><em>δεῖξαι</em></span> <span class='ocrx_word' id='word_1_252' title='bbox 267 2025 399 2081; x_wconf 86' lang='grc' dir='ltr'><em>βουληθείσης</em></span> <span class='ocrx_word' id='word_1_253' title='bbox 412 2021 468 2081; x_wconf 85' lang='grc' dir='ltr'><em>ήμλν,</em></span> <span class='ocrx_word' id='word_1_254' title='bbox 885 2083 886 2086; x_wconf 12' lang='lat'>¹</span> 
     </span>
     <span class='ocr_line' id='line_1_28' title="bbox 156 2094 831 2155; baseline -0.003 -13"><span class='ocrx_word' id='word_1_255' title='bbox 156 2099 200 2153; x_wconf 78' lang='lat' dir='ltr'>Vll,</span> <span class='ocrx_word' id='word_1_256' title='bbox 216 2101 249 2142; x_wconf 77' lang='lat'><em>21.</em></span> <span class='ocrx_word' id='word_1_257' title='bbox 267 2101 299 2141; x_wconf 69' lang='grc' dir='ltr'><em>θλ.</em></span> <span class='ocrx_word' id='word_1_258' title='bbox 329 2098 445 2148; x_wconf 83' lang='grc' dir='ltr'><em>Λείαννται,</em></span> <span class='ocrx_word' id='word_1_259' title='bbox 468 2097 525 2154; x_wconf 81' lang='grc' dir='ltr'><em>φησί,</em></span> <span class='ocrx_word' id='word_1_260' title='bbox 548 2094 621 2141; x_wconf 85' lang='grc' dir='ltr'><em>τοῦτον</em></span> <span class='ocrx_word' id='word_1_261' title='bbox 639 2096 689 2155; x_wconf 81' lang='grc' dir='ltr'><em>πρὸς</em></span> <span class='ocrx_word' id='word_1_262' title='bbox 711 2096 787 2141; x_wconf 78' lang='grc' dir='ltr'><em>ἐκεῖνον</em></span> <span class='ocrx_word' id='word_1_263' title='bbox 808 2096 831 2140; x_wconf 86' lang='grc' dir='ltr'><em>τῦ</em></span> 
     </span>
     <span class='ocr_line' id='line_1_29' title="bbox 115 2166 832 2227; baseline -0.004 -14"><span class='ocrx_word' id='word_1_264' title='bbox 115 2169 215 2227; x_wconf 90' lang='grc' dir='ltr'><em>διάφορον</em></span> <span class='ocrx_word' id='word_1_265' title='bbox 232 2167 272 2212; x_wconf 84' lang='grc' dir='ltr'><em>ἀπὸ</em></span> <span class='ocrx_word' id='word_1_266' title='bbox 290 2172 326 2212; x_wconf 92' lang='grc' dir='ltr'><em>τοῦ</em></span> <span class='ocrx_word' id='word_1_267' title='bbox 344 2167 387 2223; x_wconf 81' lang='grc' dir='ltr'><em>μεθ’</em></span> <span class='ocrx_word' id='word_1_268' title='bbox 407 2167 468 2225; x_wconf 84' lang='grc' dir='ltr'><em>ῦραον</em></span> <span class='ocrx_word' id='word_1_269' title='bbox 486 2172 554 2224; x_wconf 81' lang='grc' dir='ltr'><em>λαβεῖν</em></span> <span class='ocrx_word' id='word_1_270' title='bbox 573 2166 610 2223; x_wconf 83' lang='grc' dir='ltr'><em>τήν</em></span> <span class='ocrx_word' id='word_1_271' title='bbox 631 2170 739 2225; x_wconf 81' lang='grc' dir='ltr'><em>ἱερατείαν·</em></span> <span class='ocrx_word' id='word_1_272' title='bbox 760 2171 780 2212; x_wconf 90' lang='grc' dir='ltr'><em>οί</em></span> <span class='ocrx_word' id='word_1_273' title='bbox 795 2168 832 2224; x_wconf 78' lang='grc' dir='ltr'><em>μέν</em></span> 
     </span>
     <span class='ocr_line' id='line_1_30' title="bbox 114 2236 833 2299; baseline 0 -15"><span class='ocrx_word' id='word_1_274' title='bbox 114 2239 153 2299; x_wconf 75' lang='grc' dir='ltr'><em>γὰρ</em></span> <span class='ocrx_word' id='word_1_275' title='bbox 168 2239 216 2284; x_wconf 82' lang='grc' dir='ltr'><em>ἀνευ</em></span> <span class='ocrx_word' id='word_1_276' title='bbox 231 2238 297 2297; x_wconf 82' lang='grc' dir='ltr'><em>ὅραων</em></span> <span class='ocrx_word' id='word_1_277' title='bbox 313 2239 402 2296; x_wconf 87' lang='grc' dir='ltr'><em>ἐγίνοντο</em></span> <span class='ocrx_word' id='word_1_278' title='bbox 417 2237 451 2283; x_wconf 83' lang='grc' dir='ltr'><em>διαί</em></span> <span class='ocrx_word' id='word_1_279' title='bbox 460 2237 483 2282; x_wconf 83' lang='grc' dir='ltr'><em>τὸ</em></span> <span class='ocrx_word' id='word_1_280' title='bbox 493 2241 535 2283; x_wconf 88' lang='grc' dir='ltr'><em>δείν</em></span> <span class='ocrx_word' id='word_1_281' title='bbox 546 2236 620 2290; x_wconf 84' lang='grc' dir='ltr'><em>αῦτοῦς</em></span> <span class='ocrx_word' id='word_1_282' title='bbox 630 2239 663 2283; x_wconf 82' lang='grc' dir='ltr'><em>ναί</em></span> <span class='ocrx_word' id='word_1_283' title='bbox 672 2238 774 2284; x_wconf 91' lang='grc' dir='ltr'><em>παῦεσθαί</em></span> <span class='ocrx_word' id='word_1_284' title='bbox 785 2255 833 2284; x_wconf 87' lang='grc' dir='ltr'><em>ποτε</em></span> 
     </span>
     <span class='ocr_line' id='line_1_31' title="bbox 90 2308 832 2370; baseline -0.004 -13"><span class='ocrx_word' id='word_1_285' title='bbox 90 2316 149 2370; x_wconf 80' lang='grc' dir='ltr'><em>εοτής</em></span> <span class='ocrx_word' id='word_1_286' title='bbox 164 2314 269 2370; x_wconf 90' lang='grc' dir='ltr'><em>ίερατείας,</em></span> <span class='ocrx_word' id='word_1_287' title='bbox 287 2309 356 2356; x_wconf 88' lang='grc' dir='ltr'><em>οῦτοσί</em></span> <span class='ocrx_word' id='word_1_288' title='bbox 370 2311 391 2355; x_wconf 79' lang='grc' dir='ltr'><em>δέ</em></span> <span class='ocrx_word' id='word_1_289' title='bbox 406 2308 450 2368; x_wconf 71' lang='grc' dir='ltr'><em>μεθ’</em></span> <span class='ocrx_word' id='word_1_290' title='bbox 466 2309 539 2367; x_wconf 80' lang='grc' dir='ltr'><em>δρνων,</em></span> <span class='ocrx_word' id='word_1_291' title='bbox 556 2308 622 2366; x_wconf 82' lang='grc' dir='ltr'><em>ἐπειδή</em></span> <span class='ocrx_word' id='word_1_292' title='bbox 636 2309 701 2366; x_wconf 89' lang='grc' dir='ltr'><em>μένειν</em></span> <span class='ocrx_word' id='word_1_293' title='bbox 712 2310 791 2367; x_wconf 84' lang='grc' dir='ltr'><em>έμελλευ</em></span> <span class='ocrx_word' id='word_1_294' title='bbox 801 2311 832 2355; x_wconf 80' lang='grc' dir='ltr'><em>ἐπὶ</em></span> 
     </span>
     <span class='ocr_line' id='line_1_32' title="bbox 116 2380 835 2444; baseline 0 -16"><span class='ocrx_word' id='word_1_295' title='bbox 116 2389 150 2443; x_wconf 77' lang='grc' dir='ltr'><em>τῆς</em></span> <span class='ocrx_word' id='word_1_296' title='bbox 167 2384 230 2440; x_wconf 82' lang='grc' dir='ltr'><em>ἀξίας,</em></span> <span class='ocrx_word' id='word_1_297' title='bbox 250 2384 303 2429; x_wconf 87' lang='grc' dir='ltr'><em>οῦτω</em></span> <span class='ocrx_word' id='word_1_298' title='bbox 323 2385 403 2442; x_wconf 82' lang='grc' dir='ltr'><em>μείζονα</em></span> <span class='ocrx_word' id='word_1_299' title='bbox 423 2385 491 2444; x_wconf 77' lang='grc' dir='ltr'><em>πολλῶ</em></span> <span class='ocrx_word' id='word_1_300' title='bbox 506 2385 546 2427; x_wconf 85' lang='grc' dir='ltr'><em>τῶν</em></span> <span class='ocrx_word' id='word_1_301' title='bbox 561 2383 582 2427; x_wconf 89' lang='grc' dir='ltr'><em>έν</em></span> <span class='ocrx_word' id='word_1_302' title='bbox 597 2380 652 2443; x_wconf 83' lang='grc' dir='ltr'><em>νῦμφ</em></span> <span class='ocrx_word' id='word_1_303' title='bbox 666 2381 702 2440; x_wconf 83' lang='grc' dir='ltr'><em>τήν</em></span> <span class='ocrx_word' id='word_1_304' title='bbox 717 2380 775 2437; x_wconf 81' lang='grc' dir='ltr'><em>ἀξίαν</em></span> <span class='ocrx_word' id='word_1_305' title='bbox 793 2383 835 2428; x_wconf 68' lang='grc' dir='ltr'><em>ἐδέ-4</em></span> 
     </span>
     <span class='ocr_line' id='line_1_33' title="bbox 117 2455 833 2515; baseline 0 -15"><span class='ocrx_word' id='word_1_306' title='bbox 117 2458 172 2512; x_wconf 88' lang='grc' dir='ltr'><em>ξατο,</em></span> <span class='ocrx_word' id='word_1_307' title='bbox 188 2457 255 2515; x_wconf 86' lang='grc' dir='ltr'><em>ἐπειδή</em></span> <span class='ocrx_word' id='word_1_308' title='bbox 270 2459 350 2514; x_wconf 78' lang='grc' dir='ltr'><em>μείζονα</em></span> <span class='ocrx_word' id='word_1_309' title='bbox 364 2457 398 2501; x_wconf 88' lang='grc' dir='ltr'><em>ααί</em></span> <span class='ocrx_word' id='word_1_310' title='bbox 411 2456 504 2515; x_wconf 85' lang='grc' dir='ltr'><em>παρέχειν</em></span> <span class='ocrx_word' id='word_1_311' title='bbox 518 2462 560 2508; x_wconf 84' lang='grc' dir='ltr'><em>τοῖς</em></span> <span class='ocrx_word' id='word_1_312' title='bbox 574 2459 694 2513; x_wconf 81' lang='grc' dir='ltr'><em>προσιοῦσιν</em></span> <span class='ocrx_word' id='word_1_313' title='bbox 708 2455 780 2512; x_wconf 89' lang='grc' dir='ltr'><em>έμελλε.</em></span> <span class='ocrx_word' id='word_1_314' title='bbox 805 2457 833 2500; x_wconf 63' lang='lat' dir='ltr'><em>T&amp;</em></span> 
     </span>
     <span class='ocr_line' id='line_1_34' title="bbox 116 2527 834 2587; baseline -0.003 -13"><span class='ocrx_word' id='word_1_315' title='bbox 116 2529 155 2587; x_wconf 86' lang='grc' dir='ltr'><em>γάρ</em></span> <span class='ocrx_word' id='word_1_316' title='bbox 170 2530 239 2587; x_wconf 84' lang='grc' dir='ltr'><em>ἐγγυος</em></span> <span class='ocrx_word' id='word_1_317' title='bbox 254 2530 306 2574; x_wconf 86' lang='grc' dir='ltr'><em>οῦτω</em></span> <span class='ocrx_word' id='word_1_318' title='bbox 321 2530 380 2587; x_wconf 84' lang='grc' dir='ltr'><em>λέγει,</em></span> <span class='ocrx_word' id='word_1_319' title='bbox 397 2528 423 2582; x_wconf 86' lang='grc' dir='ltr'><em>ῶς</em></span> <span class='ocrx_word' id='word_1_320' title='bbox 438 2528 464 2575; x_wconf 84' lang='grc' dir='ltr'><em>ἀν</em></span> <span class='ocrx_word' id='word_1_321' title='bbox 478 2528 501 2573; x_wconf 84' lang='grc' dir='ltr'><em>τὸ</em></span> <span class='ocrx_word' id='word_1_322' title='bbox 517 2528 628 2586; x_wconf 86' lang='grc' dir='ltr'><em>ἀναστήναι</em></span> <span class='ocrx_word' id='word_1_323' title='bbox 642 2528 769 2585; x_wconf 78' lang='grc' dir='ltr'><em>ἐγγυωμένου</em></span> <span class='ocrx_word' id='word_1_324' title='bbox 787 2527 834 2586; x_wconf 86' lang='grc' dir='ltr'><em>ήμίν</em></span> 
     </span>
     <span class='ocr_line' id='line_1_35' title="bbox 116 2598 833 2662; baseline -0.001 -16"><span class='ocrx_word' id='word_1_325' title='bbox 116 2601 139 2646; x_wconf 87' lang='grc' dir='ltr'><em>τδ</em></span> <span class='ocrx_word' id='word_1_326' title='bbox 158 2602 235 2662; x_wconf 89' lang='grc' dir='ltr'><em>ιιέρδος,</em></span> <span class='ocrx_word' id='word_1_327' title='bbox 259 2603 298 2648; x_wconf 84' lang='grc' dir='ltr'><em>ἐπεί</em></span> <span class='ocrx_word' id='word_1_328' title='bbox 315 2604 348 2647; x_wconf 82' lang='grc' dir='ltr'><em>ταί</em></span> <span class='ocrx_word' id='word_1_329' title='bbox 367 2602 431 2654; x_wconf 87' lang='grc' dir='ltr'><em>οῦτως</em></span> <span class='ocrx_word' id='word_1_330' title='bbox 450 2602 499 2659; x_wconf 74' lang='grc' dir='ltr'><em>ἔχει’</em></span> <span class='ocrx_word' id='word_1_331' title='bbox 522 2600 545 2646; x_wconf 79' lang='grc' dir='ltr'><em>τί)</em></span> <span class='ocrx_word' id='word_1_332' title='bbox 562 2599 600 2658; x_wconf 88' lang='grc' dir='ltr'><em>γάρ</em></span> <span class='ocrx_word' id='word_1_333' title='bbox 619 2598 728 2659; x_wconf 85' lang='grc' dir='ltr'><em>ἀναστήναι</em></span> <span class='ocrx_word' id='word_1_334' title='bbox 747 2605 833 2659; x_wconf 84' lang='grc' dir='ltr'><em>πρῶτος,</em></span> 
     </span>
     <span class='ocr_line' id='line_1_36' title="bbox 91 2670 834 2731; baseline -0.001 -14"><span class='ocrx_word' id='word_1_335' title='bbox 91 2673 172 2719; x_wconf 79' lang='grc' dir='ltr'><em>οοααθά</em></span> <span class='ocrx_word' id='word_1_336' title='bbox 186 2676 219 2719; x_wconf 85' lang='grc' dir='ltr'><em>ναί</em></span> <span class='ocrx_word' id='word_1_337' title='bbox 234 2674 324 2731; x_wconf 82' lang='grc' dir='ltr'><em>ἀρχιερέα</em></span> <span class='ocrx_word' id='word_1_338' title='bbox 339 2674 402 2719; x_wconf 87' lang='grc' dir='ltr'><em>αῦτῦν</em></span> <span class='ocrx_word' id='word_1_339' title='bbox 416 2679 481 2725; x_wconf 83' lang='grc' dir='ltr'><em>ααλεῖ,</em></span> <span class='ocrx_word' id='word_1_340' title='bbox 504 2675 599 2729; x_wconf 87' lang='grc' dir='ltr'><em>ἐγγυῦται</em></span> <span class='ocrx_word' id='word_1_341' title='bbox 617 2670 666 2728; x_wconf 75' lang='grc' dir='ltr'><em>ἡμῖν</em></span> <span class='ocrx_word' id='word_1_342' title='bbox 683 2673 720 2730; x_wconf 87' lang='grc' dir='ltr'><em>τήν</em></span> <span class='ocrx_word' id='word_1_343' title='bbox 738 2677 773 2729; x_wconf 82' lang='grc' dir='ltr'><em>τής</em></span> <span class='ocrx_word' id='word_1_344' title='bbox 787 2673 834 2718; x_wconf 91' lang='grc' dir='ltr'><em>ἀνα-</em></span> 
     </span>
     <span class='ocr_line' id='line_1_37' title="bbox 118 2743 332 2803; baseline 0 -13"><span class='ocrx_word' id='word_1_345' title='bbox 118 2745 205 2797; x_wconf 86' lang='grc' dir='ltr'><em>στάσεως</em></span> <span class='ocrx_word' id='word_1_346' title='bbox 219 2743 332 2803; x_wconf 81' lang='grc' dir='ltr'><em>ὁμοιότητα.</em></span> 
     </span>
     <span class='ocr_line' id='line_1_38' title="bbox 163 2838 835 2884; baseline -0.004 -7"><span class='ocrx_word' id='word_1_347' title='bbox 163 2839 337 2879; x_wconf 68' lang='grc' dir='ltr'><em>ε.λῖαλ,;ἀδῦνατον.</em></span> <span class='ocrx_word' id='word_1_348' title='bbox 361 2853 386 2879; x_wconf 77' lang='lat'><em>17.</em></span> <span class='ocrx_word' id='word_1_349' title='bbox 398 2846 425 2880; x_wconf 92' lang='lat' dir='ltr'><em>Ps.</em></span> <span class='ocrx_word' id='word_1_350' title='bbox 435 2846 499 2884; x_wconf 68' lang='grc' dir='ltr'><em>ΗΜ,</em></span> <span class='ocrx_word' id='word_1_351' title='bbox 524 2838 710 2883; x_wconf 71' lang='grc' dir='ltr'><em>ιε,Ε.ῦι.;ῶςάνω.</em></span> <span class='ocrx_word' id='word_1_352' title='bbox 736 2841 835 2875; x_wconf 77' lang='lat' dir='ltr'>21.C.Cl¹.:</span> 
     </span>
     <span class='ocr_line' id='line_1_39' title="bbox 118 2900 806 2950; baseline -0.007 -9"><span class='ocrx_word' id='word_1_353' title='bbox 118 2907 185 2941; x_wconf 63' lang='grc' dir='ltr'><em>τοῦτονλ</em></span> <span class='ocrx_word' id='word_1_354' title='bbox 214 2912 239 2938; x_wconf 78' lang='lat'><em>27.</em></span> <span class='ocrx_word' id='word_1_355' title='bbox 252 2905 270 2938; x_wconf 85' lang='lat' dir='ltr'><em>C.</em></span> <span class='ocrx_word' id='word_1_356' title='bbox 284 2906 310 2939; x_wconf 72' lang='lat' dir='ltr'><em>er.</em></span> <span class='ocrx_word' id='word_1_357' title='bbox 322 2916 337 2947; x_wconf 81' lang='grc' dir='ltr'><em>ρ.</em></span> <span class='ocrx_word' id='word_1_358' title='bbox 350 2907 387 2939; x_wconf 68' lang='lat'>210.</span> <span class='ocrx_word' id='word_1_359' title='bbox 401 2904 436 2949; x_wconf 71' lang='grc' dir='ltr'><em>(Θ.)</em></span> <span class='ocrx_word' id='word_1_360' title='bbox 450 2905 469 2939; x_wconf 75' lang='grc' dir='ltr'><em>(δ.</em></span> <span class='ocrx_word' id='word_1_361' title='bbox 483 2902 502 2940; x_wconf 85' lang='grc' dir='ltr'><em>δέ</em></span> <span class='ocrx_word' id='word_1_362' title='bbox 513 2914 558 2950; x_wconf 87' lang='grc' dir='ltr'><em>φησι.</em></span> <span class='ocrx_word' id='word_1_363' title='bbox 584 2912 602 2936; x_wconf 75' lang='grc' dir='ltr'><em>ιε</em></span> <span class='ocrx_word' id='word_1_364' title='bbox 622 2900 806 2946; x_wconf 61' lang='grc' dir='ltr'><em>(λεοιααναστήναι.</em></span> 
     </span>
    </p>
   </div>
   <div class='ocr_carea' id='block_1_3' title="bbox 0 0 902 3073">
    <p class='ocr_par' dir='ltr' id='par_1_3' title="bbox 0 0 902 3073">
     <span class='ocr_line' id='line_1_40' title="bbox 0 0 902 3073; baseline 0 0"><span class='ocrx_word' id='word_1_365' title='bbox 0 0 902 3073; x_wconf 95' lang='lat' dir='ltr'><em> </em></span> 
     </span>
    </p>
   </div>
  </div>
 </body>
</html>
