1723 3073
248 98 268 131 IN
282 97 403 132 EPISTOLAM
415 96 443 130 An
456 96 565 132 ROMANOS.
731 88 761 125 {01

47 200 155 258 μέμραπται
170 200 219 260 γὰρ,
239 205 265 255 ζῶ
283 202 329 259 ἐντί,
352 203 403 261 λέγει
417 203 486 263 κύριος
500 205 532 250 καί
547 203 571 249 τοί
590 202 638 260 έξης.
664 199 709 244 Ὅτι
728 196 764 254 μὲν

47 267 85 317 οῦν
100 275 127 325 εἰς
141 275 237 318 πίστοισιν
251 276 291 318 τοῦυ
302 275 346 333 περὶ
357 280 445 334 Χριστοῦ
459 276 579 335 λελιημένον
594 273 649 335 αύτῷ
663 267 701 331 την
714 287 764 328 μαρ-

45 347 117 404 τυρίαν
135 345 259 405 παρήγαγεν,
281 349 352 405 δῆλον
376 349 438 394 έκεῖνο
459 349 480 393 δὲ
500 349 564 394 ἰστέον
584 347 614 393 ότι
635 346 686 392 ἔνθα
704 346 764 389 τοῦτο

44 415 128 469 Ἠσαίας
137 419 197 475 φησί,
213 423 299 476 συνεχοῦς
314 422 389 477 είρηται
403 420 426 465 τό
441 419 479 477 ἐμοί
495 424 534 478 εἰμι
548 420 596 473 θεός
610 421 643 465 καί
658 417 696 464 οῦκ
711 416 764 462 ἔστιν

48 489 84 543 ἔτι,
99 490 133 533 καί
143 488 182 545 ἐντί
192 492 231 546 εἰμι
240 489 310 547 κύριος
324 493 357 536 καί
372 491 409 536 οῦκ
424 493 477 536 έστιυ
492 493 552 544 ἀλλος
566 491 618 550 πλην
632 509 672 549 μου
687 491 765 539 δίκαιος
783 499 790 525 5

45 562 78 605 καί
93 560 169 619 σωτὴρ,
186 561 223 607 οῦκ
239 563 291 607 έστιν
305 562 366 620 πάρεξ
382 565 445 621 ἐμοῦ,
458 565 491 608 καί
506 564 543 608 ὅσα
557 568 649 609 τοιαῦτα·
672 560 764 620 ζητητέον

46 627 84 677 οῦν
103 637 144 685 πῶς
163 633 243 687 τούτοις
262 635 292 679 έπί
310 639 346 679 τοῦ
368 639 456 692 Χριστοῦ
472 629 605 694 συυεχρήσατο
620 633 631 679 ὁ
646 633 762 684 ἀπόστολος.

47 704 104 764 Πρός
118 705 154 763 μὲν
168 706 216 760 τούς
231 706 347 765 αίρητικούς
362 708 457 752 έλαττοῦυ
471 706 507 766 την
523 707 608 766 θεότητα
628 711 664 752 τοῦ
681 722 764 764 μονομε-

47 782 97 829 νοῦς
116 780 175 822 παυτί
195 779 263 840 τρόπῳ
278 781 414 837 βουλομένους
429 783 480 824 είποι
496 781 521 825 ἀν
537 797 566 832 τις
583 781 613 825 ὅτι
627 783 664 824 είτε
679 778 706 831 ὡς
720 779 764 834 περὶ

48 852 85 893 τοῦ
101 852 190 906 Χριστοῦ
204 849 318 907 λεγομένοις
333 850 412 903 τούτοις
426 851 515 896 ἐνταῦθα
531 851 634 908 έχρησατο,
654 851 737 908 εύδηλνς
751 847 790 906 ηιο

48 921 93 974 ἀξία
108 925 143 977 της
157 920 253 979 θεότητος
267 926 304 967 τοῦ
317 927 440 980 μονογενοῦς
454 922 495 967 κατ’
507 923 567 968 οῦδέν
577 922 718 979 ἐλαττουμένης
727 927 764 966 τοῦ

46 991 132 1050 πατρός,
154 995 191 1036 εἰτε
211 994 254 1051 περί
275 997 312 1037 τοῦ
331 993 407 1052 πατρός
426 994 536 1051 εἰρημένοις
555 993 609 1051 παρίι
626 999 653 1055 τῷ
670 992 764 1050 προφὴτη

48 1065 92 1122 περὶ
111 1068 148 1109 τοῦ
167 1066 238 1122 κυρίου
258 1064 320 1122 λέγειν
340 1064 351 1110 ὁ
371 1064 482 1128 ἀπόστολος
501 1064 596 1124 ἐχρήσατο
616 1069 640 1124 τῇ
654 1065 763 1124 μαρτυρία

46 1138 80 1181 καί
101 1136 154 1180 οῦτοι
176 1136 273 1180 δέδεικται
288 1135 324 1194 οῦχ
339 1137 406 1196 έτερας
420 1136 449 1181 οἰν
464 1137 560 1195 θεότητος
575 1135 585 1182 ό
599 1135 654 1192 ῦιός,
677 1136 728 1180 όπου
742 1153 764 1192 νε

48 1206 184 1267 σννεχρησατο
199 1213 223 1268 τῇ
238 1213 308 1268 φωνῇ,
323 1207 350 1262 νίς
365 1209 391 1254 ίίν
406 1208 479 1267 ὁμοίιος
493 1212 524 1255 καί
540 1211 570 1254 έπί
585 1214 621 1254 τοῦ
632 1212 720 1268 Χριστοῦ
735 1207 790 1252 λε’-ιι
834 1214 836 1217 ’

47 1287 120 1338 μεσθαι
145 1281 257 1340 δυναμένη,
279 1280 318 1326 κάν
340 1284 384 1338 περὶ
405 1287 442 1326 τοῦ
462 1282 537 1340 πατρός
558 1282 649 1339 εἰρημένη
671 1279 764 1338 τυμχάνη.

51 1357 116 1398 Τοῦτο
134 1352 170 1409 μέν
189 1348 227 1397 οῦν
245 1352 296 1412 πρός
314 1353 362 1406 τούς
377 1352 489 1412 αἰρετικοῦς
506 1358 558 1398 εἰποι
573 1353 598 1397 ἀν
612 1368 649 1405 τις·
671 1351 693 1396 τό
709 1351 730 1396 δέ
744 1368 766 1408 με

48 1425 123 1483 ἀληθές
137 1426 211 1479 έκεῖνο,
233 1426 263 1470 ότι
277 1426 327 1483 μηδὲ
341 1428 385 1484 περί
399 1430 436 1469 τοῦ
450 1426 525 1484 πατρός
541 1430 616 1484 εἰρηται
634 1428 700 1478 ἰδικιῦς
718 1423 766 1481 μήτε

49 1499 92 1553 περί
107 1501 144 1539 τοῦ
159 1501 259 1552 Χριστοῦ,
275 1495 315 1539 ἀλλ’
330 1494 396 1547 ἁπλοῦς
409 1498 500 1554 περὶτῆς
515 1499 572 1547 θείας
583 1495 661 1552 φύσεως
671 1500 705 1552 της
715 1494 766 1537 ἀνω-

48 1567 101 1612 τάτοι
115 1568 148 1611 καί
163 1565 244 1612 πόντου
260 1569 335 1621 αἰτίας,
357 1568 390 1611 καί
405 1566 438 1612 διιί
452 1570 512 1611 τοῦτο
528 1565 538 1611 ό
554 1565 664 1618 ἀπόστολος
678 1570 702 1625 τῇ
717 1583 793 1624 μορ-νο

50 1642 109 1700 πυρίη
124 1639 155 1683 έπί
169 1643 205 1683 τοῦ
217 1641 305 1698 Χριστοῦ
315 1638 458 1697 κατεχρήσατο,
475 1636 548 1695 ὁμοίως
562 1640 595 1682 καί
609 1639 668 1696 πατρί
682 1639 714 1682 καί
729 1639 767 1697 υἰηί

49 1711 72 1757 τά
86 1715 170 1757 τοιαῦτα
185 1712 268 1771 πρέπειν
281 1713 377 1769 νομίζων,
398 1710 425 1764 ἀς
440 1711 467 1757 οίν
481 1710 576 1769 οῦδεμιῦς
591 1710 652 1768 ούσης
666 1709 716 1756 κατά
730 1708 767 1767 την

49 1784 112 1842 φύσιν
123 1787 234 1843 διαφορᾶς·
249 1787 391 1843 παραπλησίως
401 1788 461 1829 τοῦτο
471 1786 502 1828 καί
514 1785 545 1828 έπί
555 1787 590 1841 τῆς
599 1781 649 1840 πρός
662 1780 767 1840 Ἐβραίους

48 1857 80 1909 τό,
96 1856 121 1901 σύ
137 1857 158 1902 δέ
173 1855 184 1901 ὁ
199 1857 260 1909 αῦτός
275 1856 293 1902 εἰ
306 1858 338 1901 καί
353 1856 377 1901 τοί
393 1857 425 1914 έτη
440 1869 477 1901 σον
493 1855 530 1902 οῦκ
540 1856 661 1911 έκλείηουσι,
676 1856 767 1913 περὶτοῦ

50 1933 141 1985 Χριστοῦ
155 1928 279 1986 χρησάμενος
294 1930 391 1985 φαίνεται.
775 1943 793 1971 οι

91 2002 151 2056 XIV,
168 2006 199 2046 13.
228 2000 307 2058 Μηκέτι
324 1995 362 2045 οῦν
380 2000 441 2057 φησίν
459 1998 558 2057 ἀλλήλους
572 2002 684 2057 κρίνομεν·
708 2002 768 2043 τοῦτο

50 2075 86 2131 μέν
102 2077 177 2131 εἰρηται
191 2072 242 2118 κατοί
256 2075 337 2117 κοινοῦ
360 2072 454 2117 ἐντεῦθεν
472 2072 493 2116 δέ
511 2071 583 2116 λοιπόν
600 2071 652 2129 πρός
665 2071 713 2124 τοῦς
728 2069 767 2115 ἀπό

51 2148 119 2192 έθνῦν
131 2148 190 2191 τείνει
199 2143 268 2203 λόγον,
285 2142 311 2196 τός
322 2142 347 2189 ἀν
358 2143 473 2202 ἀρκούντως
482 2143 507 2189 τοί
517 2143 568 2202 πρὸς
576 2142 687 2197 Ἰουδαίους
700 2141 766 2188 εἰπών.

52 2218 82 2263 Ού
98 2221 176 2263 δίκαιον
191 2213 229 2262 οῦν
242 2216 295 2273 ύμῦις
310 2218 359 2273 φησί
372 2216 440 2274 κριτοίς
450 2219 586 2261 καθίστασθαι
595 2215 766 2272 τῶνόμοπίστιον,

50 2291 146 2349 μένοντος
166 2289 256 2342 ἅπαντας
276 2293 313 2334 τοῦ
333 2291 436 2347 κριτηρίου
457 2292 493 2333 τοῦ
516 2292 617 2346 Χριστοῦ·
637 2286 687 2333 ἀλλά
706 2290 793 2332 τοῦτοεο

51 2367 131 2421 κρίνατε
145 2367 221 2420 μᾶλλον
235 2361 258 2406 τό
273 2360 300 2418 μὴ
315 2361 393 2405 τιθέναι
407 2360 527 2419 πρόσκομμα
541 2365 568 2421 τῷ
584 2360 663 2421 ἀδελφῷ
677 2359 691 2416 ἰί
708 2359 767 2403 σκολυ-

51 2439 119 2481 δαλον,
150 2434 219 2480 Πολλοί
237 2433 276 2491 νάρ
295 2435 314 2477 οἰ
331 2432 370 2478 ἀπό
388 2431 488 2490 Ἑλλήνων
502 2431 557 2489 παρά
570 2430 673 2488 Ῥωμαίοις
688 2431 767 2490 έπιιιρα-

51 2508 138 2564 τέστεροι
153 2506 209 2558 ὄντες
223 2507 255 2550 καί
269 2509 297 2565 τῷ
311 2504 384 2561 πλήθει
398 2505 430 2548 καί
440 2508 465 2561 τῇ
474 2507 514 2547 τῶν
524 2501 636 2561 προσώπων
647 2502 767 2563 ἀξιοπιστία,

52 2577 193 2637 διεπράττοντο
208 2582 284 2636 μᾶλλον
299 2577 329 2620 έπί
344 2579 447 2636 διασυρμῷ
462 2579 502 2618 τῶν
515 2573 628 2629 Ἰουδαίαν,
651 2572 680 2618 ἐπ’
698 2574 768 2629 ὄψεσιν

52 2652 132 2695 έκείυιον
147 2650 223 2694 έσθίειν
238 2646 387 2706 ἐπιτηδεύοντες
401 2650 473 2700 ταῦτα,
489 2641 517 2692 οῦν
528 2646 552 2704 δὴ
563 2644 647 2703 μάλιστα
659 2645 793 2705 ἀπέχεσθαιςι

53 2721 143 2779 σπουδὴν
162 2720 224 2778 εἰχον,
246 2719 272 2772 τίς
291 2721 384 2764 έντεῦθεν
405 2719 487 2769 ἐκείνοις
506 2716 664 2777 ταραττομένους
682 2720 715 2764 καί
734 2723 768 2776 τῆς

98 2878 111 2903 ο.
125 2872 157 2904 les.
171 2869 201 2909 λδ,
215 2871 239 2903 18.
252 2870 277 2902 ἓν.
303 2877 328 2901 ει.
341 2868 391 2902 Hehr.
404 2867 422 2909 1,
435 2869 461 2900 ἰν,
