1723 3073
58 96 170 132 THEODORI
182 96 336 135 MOPSVESTENI
348 100 370 134 IN
383 99 414 133 ΕΡ.
426 100 442 133 ΙΙ
453 99 481 133 ΑΙ]
494 97 712 132 THESSALONICENSES.
728 95 760 132 iti

44 204 124 262 σκευὴν,
139 203 152 262 ἡ
166 204 268 262 άποσκευὴ
279 208 362 263 α’ίρεται,
378 206 432 263 μένει
447 207 468 251 δέ
481 205 556 264 μόνηὴ
567 204 615 258 άψίς
629 203 711 263 στεῤῥά,
727 203 760 247 oii-

42 273 106 328 τωςδ
126 275 220 334 διάβολος
238 274 274 329 τάς
291 276 374 336 αἱρέσεις
391 277 426 331 τάς
442 278 518 331 πολλάς
536 279 569 324 καί
584 277 620 330 τάς
634 279 669 336 τῆς
683 273 761 333 πλάνης

43 344 104 400 δδοδς
124 347 167 393 άντί
185 346 298 408 δποσκενης
316 348 416 409 άπέθηκεν
436 350 500 410 ίίσκερ
518 349 590 407 άψῖδα,
610 352 704 409 μεγίστην
723 347 761 407 τὴν

43 419 116 465 ἑαυτοῦ
131 420 268 478 προσκύνησιν
282 422 481 477 προκατασκευάζων,
499 421 524 468 ἵν’
539 423 588 469 ὅταν
608 423 658 482 έλθη
676 422 760 468 ἐκδικῶν

43 490 108 544 πάσας
125 491 161 545 τάς
180 493 263 553 αἱρέσεις
281 495 315 540 καί
334 494 394 549 αὐτὸς
414 499 512 555 καταργῇ,
533 495 611 555 γυμνὴν
630 494 667 554 την
685 495 780 541 invenie

43 563 180 624 προσκύνησιν
195 565 279 625 είσάγων
294 566 418 626 άνθράποις.

85 641 111 693 ΙΙ,
132 643 197 683 6-8.
227 638 257 682 Oi}
274 638 364 684 πιθανὸν
382 640 447 695 ἐμοιγε
468 640 560 695 φαίνεται
578 644 646 696 τοῦτο,
668 640 709 685 έπεί
726 641 760 684 καί

46 707 160 753 έπαάσαντο
175 710 197 753 ἐκ
210 712 302 761 πλείονος
316 709 354 768 ἤδη
368 713 405 753 τοῦ
419 708 503 767 χρόνον·
518 713 535 753 εί
548 709 586 768 γάρ
600 727 629 763 τις
643 710 669 769 μίη
683 715 759 756 πεπαῦ-

45 787 94 826 σθαι
113 780 207 839 βούλοιτο
225 780 289 838 λέγειν
308 780 341 826 διά
360 780 383 825 τὸ
398 779 453 838 παρά
467 797 528 826 τινων
542 781 653 841 προσευχὴν
667 784 759 840 γίνεσθαι

44 852 95 898 κατά
110 853 133 898 τὸ
149 851 243 906 σπάνιον,
265 853 308 898 ἐνια
328 852 375 913 οὐδὲ
391 852 517 912 καυθήσεται
535 854 586 899 κατά
598 872 620 911 γε
634 859 705 901 τουτον
722 854 785 900 τδνεο

44 924 131 984 τρόπον,
152 925 193 971 ἐπεὶ
207 925 257 984 μηδέ
272 926 377 982 ἐπιλείπειν
391 924 456 984 πάντη
470 926 518 978 τούς
532 924 601 984 άγίους
615 925 659 972 οἷον
672 945 701 983 τε,
717 928 758 972 έσο-

44 998 110 1054 μένων
124 999 157 1043 καί
172 997 215 1043 τότε
229 1003 269 1043 τῶν
284 997 309 1043 οά
324 998 459 1057 προσιεμένων
473 999 509 1057 τὴν
524 1000 600 1043 ἐκείνου
618 1001 758 1050 διδασκαλίαν,

46 1073 66 1114 δέ
79 1070 112 1114 καί
127 1069 276 1126 διαλάμψουσιν
294 1070 316 1114 έν
330 1076 371 1122 τοῖς
385 1068 435 1129 άπέρ
450 1068 550 1129 εὐσεβείας
568 1069 636 1128 άγοδσι.
666 1071 722 1128 Λέγει
737 1070 759 1115 δὲ

44 1140 67 1185 τδ
82 1141 166 1199 κατέχον
181 1139 207 1194 ὥς
222 1140 248 1186 δέν
262 1145 298 1187 τοῦ
313 1140 408 1200 διαβόλου
423 1141 459 1199 μέν
474 1141 579 1194 ἐθέλοντος
595 1143 627 1186 καί
645 1141 683 1200 ἥδη
699 1146 758 1187 τοῦτο

45 1216 137 1270 ποιῆσαι,
158 1217 195 1258 τοιῖ
213 1218 264 1259 θεοῦ
284 1213 305 1259 δέ
323 1213 439 1270 κατέχοντος
458 1212 521 1258 αάτδν
538 1213 586 1265 τέως
601 1212 634 1259 διά
647 1213 670 1258 κδ
688 1214 785 1271 καιρδυιε

46 1281 111 1343 ὁρίσαι
126 1288 151 1343 τῇ
166 1287 267 1345 συντελείμ
281 1289 317 1330 τοῦ
330 1288 412 1338 αἰῶνος,
427 1284 473 1330 καθ’
484 1285 509 1330 δν
519 1284 609 1344 ὀφθῆναι
620 1291 718 1343 συγχωρεῖ
725 1284 760 1330 κά-

44 1362 120 1402 κεῖνον
135 1360 195 1402 τοῦτο
206 1357 289 1416 κατέχον
302 1355 313 1402 ὁ
323 1355 434 1422 άπόστολος
444 1355 537 1415 ὀνομάζει
546 1361 583 1403 που
592 1362 643 1403 θεοῦ
653 1357 689 1403 τδν
702 1357 760 1417 δρον,

46 1429 96 1475 ὅθεν
105 1431 137 1475 καί
147 1429 245 1489 ἐπήγαγεν
255 1432 283 1483 είς
292 1429 315 1476 κδ
323 1428 494 1489 άποκαλνφθιῖναι
501 1429 564 1475 αὐτὸν
573 1435 601 1492 τηῖ
611 1430 684 1476 έαντοιῖ
692 1433 761 1492 καιρῷ.

49 1502 77 1548 Τδ
94 1502 133 1559 γάρ
148 1502 259 1561 μυστήριον
272 1503 311 1561 ἤδη
327 1503 442 1562 ἐνεργεῖται,
465 1501 509 1548 άντί
525 1507 572 1555 τοῦ,
587 1506 604 1548 εί
619 1504 652 1548 καὶ
668 1501 695 1561 μὴ
711 1501 762 1548 κατά

45 1574 68 1620 τά
84 1575 146 1632 σαφές
160 1575 199 1632 ἤδη
212 1574 248 1632 τὴν
263 1573 387 1620 άποστασίαν
402 1573 503 1632 ἐργάζεται
517 1573 527 1619 δ
543 1574 648 1632 διάβολος,
668 1574 708 1619 ttt’
725 1570 788 1619 οδνοο

45 1663 68 1702 γε
82 1645 109 1698 ιδς
124 1648 146 1690 έν
160 1648 262 1707 μυστηρίῳ
276 1651 358 1689 πλεῖστα
371 1646 404 1689 καί
414 1649 453 1689 νῦν
463 1645 613 1703 διαπράττεται,
628 1645 719 1690 ἑκάστοτε
729 1644 762 1690 διά

46 1721 87 1763 τοῖν
102 1719 180 1764 οἰκείων
192 1721 226 1776 της
239 1715 339 1777 εὐσεβείας
355 1714 442 1775 άφιστοῖν
454 1715 574 1775 πειρώμενος
586 1716 634 1770 τοὺς
643 1716 762 1776 προσιόντας

46 1793 71 1847 τῇ
85 1792 154 1834 πίστει.

89 1860 215 1917 Προσεκτέον
232 1860 263 1907 ὅτι
281 1860 409 1916 άποκάλνψιν
427 1865 464 1907 τοῦ
480 1859 613 1920 Ἀντιγρίστου
631 1860 710 1907 ἐκάλεσε
726 1860 763 1921 τὴν

48 1933 174 1991 φανέρωσον,
196 1933 218 1978 έν
236 1951 257 1978 τε
279 1939 320 1985 τοῖς
339 1932 446 1989 άνωτέροις
465 1931 603 1992 άποκαλυφθῇ
623 1932 633 1978 ὁ
655 1934 789 1993 άνθρωποςεε

48 2005 110 2052 είπων
123 2005 230 2052 κάνταάθα
245 2005 437 2064 ἀποκαλυφθήσεται
452 2003 462 2051 ὁ
477 2005 561 2063 άνομος,
582 2004 609 2059 ιδς
627 2004 653 2052 άυ
670 2010 707 2052 τοῦ
722 2009 763 2052 δια-

48 2079 111 2138 βόλου
125 2076 210 2124 πάντοτε
225 2079 261 2136 μέν
276 2078 315 2125 άπὸ
330 2082 364 2138 τῆς
378 2081 415 2124 τοῦ
428 2080 500 2138 κυρίου
514 2080 626 2137 παρουσίας
644 2082 763 2136 μελετῶντος

48 2150 98 2196 αάτδ
117 2151 149 2196 έπί
164 2155 189 2211 τῇ
205 2155 246 2196 τοῖν
263 2149 378 2210 ἀνθρώπων
392 2151 456 2209 βλάβη
471 2152 504 2196 καὶ
518 2150 556 2209 ἤδη
570 2169 593 2209 γε
607 2150 656 2196 κάτδ
671 2153 703 2196 καί
719 2167 763 2195 κοι-

47 2222 133 2281 ιίσοιντος
148 2223 185 2279 etv,
200 2227 217 2268 εί
231 2223 258 2283 μὴ
273 2223 323 2269 κατά
337 2222 374 2282 τὴν
389 2221 502 2282 άπόρίρητυν
517 2221 581 2269 αὐτοῦ
591 2222 666 2282 βουλὴν
675 2229 763 2281 κατεῖχεν

48 2295 111 2341 αὐτὸν
122 2294 132 2340 ὁ
142 2296 200 2349 θεὸς,
215 2296 351 2355 ἐργασομένου
364 2295 386 2339 δέ
397 2295 442 2340 τότε
455 2297 487 2340 καί
502 2294 593 2347 οίσοντές
602 2313 624 2353 γε
634 2298 661 2347 είς
674 2295 789 2353 φανερδνεο

48 2367 70 2413 τδ
85 2366 148 2413 πάλαι
166 2371 241 2414 δοκοῦν
260 2367 324 2430 αάτοβ,
342 2367 391 2413 δ’ταν
405 2371 526 2426 συγχωρηθῇ
542 2366 580 2425 τὴν
594 2368 668 2412 οἰκείαν
682 2364 764 2426 γνιέμην

49 2441 139 2499 ἐκβαλεῖν
154 2444 181 2495 είς
197 2441 261 2503 έργον.
285 2440 326 2486 Ὃν
336 2438 347 2485 ὁ
356 2441 427 2499 κάρτος
435 2438 511 2498 Ἰησοῦς
521 2438 617 2485 άναλοέσει
628 2442 655 2501 τῷ
666 2438 764 2498 πνεύματι

95 2597 108 2621 σ.
122 2589 165 2622 Cat:
178 2593 263 2635 κατυργεῖ,
287 2598 301 2624 τ.
314 2591 331 2624 C.
344 2590 370 2624 Cr.
383 2600 399 2631 μ.
412 2589 449 2622 388.
470 2586 560 2631 Θεόδωρος
572 2583 590 2620 δέ
602 2583 664 2629 ὁμοίως
675 2587 699 2632 τῷ
710 2599 764 2631 μακα-

49 2647 79 2695 ρίῳ
90 2644 158 2693 Ἰωάννη
170 2647 233 2695 ταύτην
246 2645 267 2684 ου’
278 2647 365 2694 προσίεται
376 2647 407 2692 τὴν
419 2644 503 2691 ἐξήγησιν,
516 2644 586 2690 φάσκων
596 2667 622 2679 -.
633 2646 715 2689 Intelligit
725 2647 764 2681 alla-

0 2722 1 2728 *
49 2710 83 2741 tam
97 2709 255 2751 interpretationem
267 2708 362 2747 Severiani,
375 2707 402 2750 qui
414 2705 434 2741 τὸ
446 2702 515 2750 κατέχον
528 2707 561 2740 diei
573 2703 662 2751 μαστιέτην
673 2705 704 2740 τοιῑ
716 2701 765 2751 άγῖον

50 2766 145 2812 πνεύματος
155 2766 210 2812 χάριν,
235 2778 259 2805 τι,
273 2771 289 2804 G.
303 2770 330 2803 Gr.
342 2779 358 2811 p.
370 2767 408 2800 389.
420 2767 466 2800 Haec
478 2767 567 2801 Theodoro
579 2769 654 2802 tribuere
671 2777 703 2802 αοο
719 2768 765 2801 dubi·

49 2830 89 2863 tavi.
114 2830 203 2872 Excipiunt
212 2840 231 2863 en
244 2841 286 2874 quae
299 2830 349 2864 modo
361 2827 446 2862 attulimus
458 2837 512 2871 neque
525 2827 556 2861 nisi
568 2828 663 2863 inchoatam
673 2830 705 2862 [οοῖ
714 2829 764 2862 inter·

1 2905 3 2907 -
49 2892 162 2931 pretationem
175 2892 278 2925 continuant.
304 2900 329 2923 κε.
342 2902 366 2923 vs.
379 2890 393 2922 3.
418 2897 444 2923 ει,
458 2889 502 2923 Cat:
515 2884 633 2932 ἐργασαμένου.
