1773 3073
65 92 67 94 -
109 70 130 104 οι
327 67 440 102 εειεοιιοει
452 60 600 103 ειοεενεετεαι

109 176 148 236 γάρ
163 176 213 233 λέγει
227 173 261 218 τά·
276 172 401 229 πεπραμένος
413 170 453 217 ὑπὸ
463 173 500 232 τὴν
511 171 621 231 άμαρτίαν,
637 170 741 229 ἐπειδήπερ
751 169 763 228 ἡ
773 176 823 230 πρά-

111 261 141 301 σις
155 251 228 294 δοῦλον
241 243 320 295 πάντας
333 249 388 288 ποιεί
400 242 437 289 τὸν
451 244 578 302 πεπραμένον
592 242 633 290 ὑπὸ
647 243 684 302 τὴν
698 246 733 300 τῆς
751 240 824 302 ὑπηρε-

112 323 154 372 σίας
167 315 314 372 καθιστάμενον
328 313 429 373 άνάγνιγν,
452 313 479 368 άς
497 315 524 361 άν
544 317 597 362 οὕτω
616 318 647 362 καί
668 314 724 373 ἡμῶν
743 314 776 360 διά
791 318 826 372 τῆς

110 388 275 448 θυμιῶντας-είς
293 385 330 445 τὴν
349 390 386 432 τοῦ
405 385 528 445 ἁμαρτάνειν
548 388 664 447 έτυιμάτιγτα
678 384 825 433 καταστάντων.

96 460 208 509 εΒοάλεται
217 457 256 518 γάρ
271 461 342 514 εἰπεῖν,
357 459 388 505 ’ὅτι
402 458 464 513 καλάς
477 459 514 519 μέν
529 458 540 506 ὁ
554 459 626 519 νόμος,
641 458 732 505 παιδεύει
740 456 779 516 γάρ
789 456 827 516 τάν

110 532 185 590 ψυχὴν,
205 532 250 575 τίνα
268 530 305 587 μὲν
323 529 414 589 άγαπάν,
436 534 481 576 τίνα
501 532 522 576 δέ
541 531 702 590 ἀποστρέφεσθαι
721 529 826 588 προσήκει,

109 605 141 650 καί
160 602 183 648 τὸ
202 600 284 647 πάντων
302 606 403 662 προτιμᾶν
419 607 459 648 τῶν
478 606 540 649 θείων
557 603 580 650 τὸ
595 602 696 662 βούλημα·
718 601 790 661 ὄφελος
805 601 827 647 δέ

110 677 153 733 ἐμοὶ
171 674 222 733 πρὸς
241 674 264 720 τὸ
284 674 412 734 άπιγλλάγθαι
429 680 463 734 τῆς
478 673 575 735 ἁμαρτίας
590 676 685 721 ἐντεῦθεν
699 674 724 719 οά
738 676 823 732 γίνεται·

110 747 185 806 θνητὸς
202 746 242 806 γάρ
262 745 291 791 τάν
309 746 346 806 τάγν
365 747 428 807 φάσιν
447 750 479 794 καί
499 747 576 807 πολλὴν
595 748 629 794 διά
648 747 723 793 τούτου
741 747 785 804 περὶ
805 745 827 790 τὸ

85 814 232 877 λοάμαρτάνειν
246 818 284 876 τὴν
299 819 392 863 εὐκολίαν
411 819 528 876 δεξάμενος,
549 819 677 878 άπιγλλάχθαι
695 824 732 863 τοῦ
750 821 828 863 πταίειν

111 890 135 935 οὐ
150 889 248 948 δύναμαι,
267 889 306 934 κάν
321 888 414 950 μυριάκις
429 889 442 934 ά
456 889 553 950 προσήκει
567 889 601 935 διά
615 893 653 935 τοά
666 889 732 948 νόμον
747 887 828 934 παιδεά-

112 980 165 1021 ωμεν
179 963 216 1021 τὴν
230 961 303 1020 ψυχάν.

152 1039 197 1088 VH,
220 1040 251 1079 17.
274 1040 306 1080 18.
341 1036 380 1079 Καὶ
401 1038 460 1080 τοῦτο
481 1035 517 1092 μέν
536 1035 601 1092 νόμον
621 1035 669 1092 εγιγσὶ
688 1033 711 1078 τά
724 1032 828 1091 ’χρήσιμον

111 1109 220 1160 δείκνυται,
243 1104 277 1164 εἶφ’
297 1101 326 1151 οἷν
345 1104 413 1151 οὐδενί
427 1109 467 1151 τῶν
482 1105 624 1165 πραττομένων
639 1104 759 1164 άρέσκομαι’
782 1103 828 1162 ὁμο·

87 1183 164 1236 ιτλογω
178 1178 217 1235 γάρ
232 1177 296 1222 άτοπα
311 1176 372 1233 εἶναι,
391 1177 430 1222 κάν
445 1177 539 1235 μυριάκις
554 1177 605 1223 αὐτά
620 1177 780 1236 διαπράττωμαι,
801 1181 829 1238 τῷ

112 1253 260 1296 πεπαιδεῦσθαι
274 1254 334 1295 τοῦτο
348 1248 388 1295 άπὸ
403 1254 440 1296 τοῦ
455 1249 530 1308 νόμου·
546 1253 640 1308 φαίνεται
654 1250 675 1295 δὲ
689 1249 701 1309 ἡ
716 1254 751 1308 τῆς
766 1248 829 1307 άμαρ-

112 1325 155 1374 πίας
174 1321 230 1380 ἰσχάς
248 1321 300 1366 οὕτω
321 1340 361 1379 μου
381 1322 414 1367 διά
432 1322 469 1379 τάγν
487 1321 601 1380 θνιγτότιγτα
620 1327 731 1380 κρατοῦσα,
753 1320 780 1373 άς
797 1324 831 1366 καλ

114 1394 188 1439 άκοντα
208 1395 303 1446 πολλάκις
324 1394 355 1438 έπλ
373 1394 410 1452 τὴν
427 1399 467 1439 τῶν
485 1393 565 1440 άτάπων
584 1394 733 1452 καταφέρεσθαι
751 1395 829 1451 πρᾶξιν.

75 1505 77 1508 ,
115 1468 155 1512 Καὶ
169 1466 192 1511 τὸ
208 1464 257 1511 αὐτὸ
272 1465 342 1512 πάλιν
359 1466 404 1512 ολδα
418 1467 466 1524 γάρ,
482 1467 512 1511 ὅτι
523 1466 560 1511 οὐκ
571 1470 620 1512 ολκελ
630 1468 651 1512 έν
661 1467 713 1524 ἐμοὶ,
729 1466 831 1512 τουτέστιν

89 1540 137 1584 τοέυ
150 1542 174 1597 τῇ
190 1539 248 1594 σαρκί
261 1555 311 1594 μου,
326 1537 349 1582 τὸ
364 1537 450 1595 άγαθάν.
480 1540 521 1583 Καὶ
534 1538 573 1596 γάρ
588 1539 693 1595 ἐπίσταμαί
708 1551 778 1596 φησιν,
801 1538 831 1583 ὅτι

115 1611 164 1656 ὅσον
179 1611 209 1656 ἐπί
225 1614 249 1669 τῇ
264 1612 330 1666 σαρκὶ,
348 1610 425 1668 θνιγτάγν
440 1610 512 1670 έγοάσγ
527 1610 563 1669 τὴν
578 1609 649 1669 φάσιν,
669 1610 728 1657 οὐδὲν
747 1616 787 1656 τοῖν
802 1613 829 1663 είς

115 1682 188 1741 αἱρετὴν
208 1681 357 1726 συντελούντων
375 1687 491 1740 πραχθῆναι
510 1682 604 1727 δάναταν
625 1681 689 1740 ἠμέν
703 1682 742 1740 γάρ
757 1682 830 1740 θνητά-

115 1772 150 1812 τιγς
164 1759 204 1804 τάν
217 1752 324 1809 παρόντων
338 1754 431 1810 ἐφίεσθαι
445 1753 509 1810 μόνον
523 1753 575 1812 ἡμᾶς
592 1755 746 1812 παρασκευάζει,
768 1755 789 1799 έν
808 1755 830 1799 δὲ

115 1831 150 1883 τῆς
164 1827 207 1884 περὶ
222 1829 284 1870 ταῦτα
299 1828 387 1883 σπουδῆς
402 1823 534 1884 ἁμαρτήματα
548 1828 632 1870 τίκτεται
650 1830 738 1883 μάλλον,
760 1843 831 1884 κατορ-

89 1902 182 1945 κτθάσαι
197 1897 218 1944 δὲ
232 1896 304 1955 άρετὴν
318 1900 345 1950 είς
360 1898 422 1956 άκρον
437 1896 530 1955 οὐθαμῶς
545 1896 589 1943 οἷόν
603 1916 623 1943 τε
637 1898 662 1956 μὴ
673 1903 713 1944 τῶν
723 1898 830 1957 παρέντων

116 1969 255 2030 ὑπερορῶντα,
266 1973 363 2027 κρείττονι
370 1974 458 2032 λογισμῷ
465 1970 575 2016 άθανάτωυ
583 1969 692 2029 άφιέμενον
700 1970 829 2030 πραγμάτων,

157 2044 203 2099 Vll,
220 2047 250 2086 19.
280 2040 389 2099 Ἑπιμέυων
407 2048 449 2094 τοῖς
463 2041 542 2095 αὐτοῖς·
565 2042 590 2088 οὐ
604 2042 643 2101 γάρ
659 2042 670 2088 ὃ
685 2042 748 2096 θέλω,
772 2046 830 2103 (γιγσλ,

115 2119 166 2160 ποιῶ
183 2113 272 2172 άγαθάν,
292 2113 332 2158 ἀλλ’
348 2113 360 2159 ὃ
374 2113 399 2158 οὐ
413 2114 467 2158 θέλω
481 2114 544 2160 κακάν
558 2119 618 2160 τοῦτο
632 2114 727 2172 πράσσω
750 2119 767 2162 εί
784 2117 806 2162 δέ
821 2116 832 2161 ὃ

116 2186 140 2233 οὐ
154 2186 208 2232 θέλω
222 2190 283 2232 τοῦτο
297 2187 359 2241 ποιῶ,
382 2184 448 2231 οὐκέτι
463 2185 500 2244 έγολ
515 2185 659 2245 κατεργάζομαι
674 2187 733 2242 αὐτὸ,
756 2187 797 2233 άλλ’
819 2187 832 2247 ἦ

90 2263 199 2308 οοοίκοῦσα
214 2259 236 2303 έν
251 2258 294 2316 ἐμοὶ
309 2257 401 2315 άμαρτία.
434 2257 462 2303 Τά
476 2257 515 2315 γάρ
530 2257 580 2303 αὐτὸ
594 2258 701 2305 κάνταῦθα
715 2261 777 2318 λέγει,
801 2260 831 2305 ὅτι

115 2336 139 2391 τῇ
153 2332 189 2390 μὲν
202 2336 257 2390 ψυχῇ
272 2333 367 2388 αἱροῦμαι
381 2329 404 2375 τά
419 2329 492 2382 καλὸν,
507 2329 548 2376 ὑπὸ
562 2334 599 2375 τοῦ
614 2330 678 2389 νόμον
688 2331 833 2389 παιδευόμενος

653 2401 718 2418 Nu}
766 2401 770 2417 ί

112 2401 130 2447 ’ά
144 2407 184 2458 (λεί,
198 2407 250 2448 ποιά
265 2402 286 2447 δέ
301 2399 338 2459 οάχ
352 2401 366 2446 ά
380 2400 479 2460 βούλομαι
489 2401 592 2455 πολλάκις,
609 2400 659 2446 άλλα
670 2422 683 2446 α
693 2421 720 2461 μη
734 2407 833 2461 βουλομαι

116 2544 195 2604 πράττω
210 2547 231 2591 δέ
246 2547 350 2602 τάναντλα,
366 2540 394 2591 μέν
409 2548 515 2604 ἐπίσταμαί
528 2564 549 2592 τε
561 2548 594 2592 καὶ
606 2546 704 2604 βούλομαι
713 2551 790 2604 καλῶν,
806 2546 833 2603 σάς

598 2617 603 2633 λ
647 2616 657 2633 (l

88 2643 107 2671 τε
117 2619 210 2664 έντεάθευ
224 2623 259 2677 τῆς
273 2617 370 2676 άμαρτίας
385 2621 495 2677 φαίνεσθαι
508 2617 545 2676 τάν
561 2621 628 2678 λσχυν,
643 2637 669 2676 ιγν
683 2619 724 2665 κατ’
740 2622 789 2681 ἐμοῦ
799 2618 832 2666 διά

161 2787 187 2812 ιο.
200 2780 254 2823 θρίω,
270 2782 381 2823 πίλνασαι).
394 2782 431 2815 ίίίίι,
458 2790 483 2815 1⁵.
496 2781 552 2816 Libri:
569 2778 594 2816 τό,
624 2788 649 2814 25.
661 2782 679 2815 V.
692 2776 808 2826 ἁμαρτήματα
820 2794 834 2815 τ.

115 2852 141 2884 μ..
154 2852 168 2874 ιι.
181 2835 199 2874 δέ
212 2839 228 2873 in
241 2843 272 2872 οοῑ.
286 2840 339 2874 Eram.
352 2850 385 2874 ιιυο
397 2841 480 2884 leguntur.
506 2849 531 2879 τι,
544 2842 596 2885 Spin..
610 2850 625 2875 ο.
639 2842 692 2878 Gram.
705 2853 720 2885 μ.
734 2843 771 2877 107.
