1723 3073
703 129 725 159 XI

14 252 118 303 ἀσθενείας
132 247 201 308 γνώμη
216 249 387 306 συγκαταβαίνων,
410 249 498 295 ἀπαιτῶν
518 250 539 295 di
556 248 580 294 td
599 246 636 293 doio
654 240 725 302 ταῦτα,

14 337 50 393 τη’ν
63 353 84 381 τε
98 335 152 392 πρὸς
162 334 195 391 ἐμὲ
210 334 291 379 ednotus
305 336 336 379 ναὶ
351 335 388 392 τὴν
403 338 429 387 είς
443 336 478 382 τὸν
487 337 548 388 πέλας
558 334 726 392 φιλανθρωπίαν

15 421 77 463 ταῦτα
96 417 134 473 polo
154 420 271 475 vaporatur
281 419 357 472 πρῶτα
370 416 458 463 πέλειαν
483 418 591 477 ἀγαπήσεις
605 416 677 474 λύριον
691 415 727 460 τὸν

15 501 64 546 θεόν
79 511 116 544 σον
129 501 162 544 παὶ
176 499 212 544 τὸν
225 501 309 556 πλησίον
324 511 361 544 σον
376 498 402 552 ὡς
417 499 494 545 deusde.

58 585 153 630 Catenanu
167 580 188 629 in
198 586 288 630 Marcum
299 585 380 645 plurimi
389 584 435 628 libri
445 600 503 631 nrscr.
516 587 591 631 Victori
600 585 727 630 Antiocheno
741 595 749 623 ⁵

16 668 126 719 vindicant,
148 671 180 713 alii
195 670 270 728 Gyrillo
285 659 430 720 Alexandrino,
455 671 546 714 nonnulli
560 673 619 714 etiarn
634 671 726 728 Origeui3

18 754 52 798 sed
67 754 157 812 quisquis
171 754 208 798 tuit
223 756 258 812 qui
272 770 316 797 earu
332 755 428 802 confecit,
449 754 522 798 tibrum
536 755 600 813 ipsun]
614 760 728 813 temporum

18 840 103 881 decursu
119 853 129 879 a
144 839 190 881 viris
206 838 269 881 doctis
282 839 337 881 varie
347 837 447 887 habitum,
464 838 525 882 niodo
535 838 657 882 decurtatum
667 838 729 881 ruodo

22 927 101 965 auctum
117 935 160 964 csse
175 935 200 965 ex
216 921 306 966 codicum
317 921 412 964 varietate
422 928 442 965 et
452 920 582 979 discrepantia
594 923 726 980 cognoscitur.

18 1006 94 1048 ductor
110 1007 191 1048 nomina
208 1011 296 1064 patrum,
321 1019 406 1063 quorum
427 1007 468 1049 sive
486 1005 547 1049 verba
566 1006 671 1064 descripsit
689 1005 769 1049 sinere·

20 1090 125 1134 sententias
136 1090 213 1141 retulit,
229 1090 329 1134 rarissime
340 1090 432 1149 adposuit
447 1098 466 1134 et
481 1105 504 1134 ea
519 1104 571 1149 quae
587 1090 671 1133 aliorum
686 1096 732 1133 sunt

21 1188 66 1217 eum
81 1175 121 1217 suis
135 1176 187 1218 miro
201 1174 263 1218 modo
277 1175 298 1217 in
312 1189 374 1218 ununr
387 1175 491 1234 compegit.
522 1173 603 1218 Cramer
618 1173 680 1218 trihus
696 1166 731 1218 coss

21 1258 97 1303 dicihus
113 1274 160 1303 usus
176 1266 215 1309 est,
231 1273 317 1316 quorum
330 1258 463 1302 Goislinianus
477 1259 516 1302 hoo
531 1259 621 1302 scholion
636 1258 661 1302 ad
675 1253 730 1308 XIII,

20 1347 46 1386 30
61 1357 86 1386 ss.
102 1359 120 1401 p.
136 1345 175 1386 llll
192 1345 215 1384 d).
230 1341 503 1399 Mopdooaoriuc'adsignat:

56 1425 127 1477 ’Ἁλλος
145 1425 166 1469 di
184 1436 242 1482 φησι,
264 1424 335 1480 pinedo
353 1425 415 1481 λίνων
434 1423 497 1469 αὐτὸν
510 1424 602 1482 πονηρὰν
615 1427 643 1484 τῷ
657 1422 761 1483 τρόπῳ,ςς

21 1511 54 1553 ταί
69 1508 93 1553 οὐ
107 1514 149 1560 τοῖς
163 1506 286 1565 προσώποις,
309 1505 409 1552 διδάσκων
427 1506 458 1552 ὅτι
474 1506 580 1565 παρόντων
593 1507 626 1551 ναὶ
641 1504 734 1566 ὁρώντων

22 1598 61 1638 τῶν
82 1593 158 1649 dothain
177 1593 210 1636 παλ
229 1589 374 1648 proruunt-auc
392 1591 449 1644 δείξει
467 1590 503 1648 τὴν
523 1589 555 1635 ἀπ’
571 1589 660 1649 οὐρανοῦ
675 1588 735 1643 δόξαν

24 1676 97 1733 αὐτοῦ,
112 1675 161 1721 ὥστε
175 1678 307 1734 πληρωθῆναι
320 1674 353 1719 τὸ’
369 1674 454 1730 ὄψονται
468 1677 495 1728 είς
510 1673 534 1720 ὃν
548 1674 680 1732 {ganniturae

64 1762 141 1807 Deinde
163 1771 244 1805 catenae
267 1768 337 1804 auctor
359 1768 427 1804 narrat
448 1776 468 1819 p.
493 1763 543 1811 h08,
570 1762 736 1819 utopsvesteuum

24 1848 81 1893 Mtth.
92 1850 128 1897 λλ,
140 1849 152 1890 λ
163 1861 188 1890 ss.
204 1846 228 1889 de
243 1845 344 1904 corratalp
357 1847 394 1888 τοί
408 1846 480 1895 ulricus
494 1844 627 1896 intellexisse,
642 1844 762 1902 idernquero

23 1933 84 1976 refert
97 1947 118 1990 p.
135 1933 185 1981 tls,
208 1930 315 1974 Theodoro
333 1929 399 1972 iudice
418 1944 478 1973 unarn
496 1929 621 1986 eandemque
638 1930 734 1978 Mariam,

25 2031 75 2075 qnae
86 2017 212 2060 servatorem
227 2028 283 2072 ruyro
298 2014 399 2064 unxisset,
415 2011 469 2068 παρὰ
479 2015 526 2056 πολστ
536 2017 578 2063 τοῖς
591 2009 737 2069 coopertuta

23 2099 171 2158 intelligendam
187 2112 240 2149 esse,
257 2095 395 2154 οίαρτβὲστορον
410 2096 431 2140 δὲ
445 2096 480 2140 τὸν
489 2095 584 2153 Ἰωάννην
597 2095 634 2153 τὴν
648 2098 737 2155 ίστορίαν

24 2181 159 2228 ἐνδεδωκέναι.
191 2183 252 2235 (Vite
267 2198 328 2241 supra
342 2198 361 2241 p.
377 2183 422 2239 tlt}
452 2184 543 2241 Denique
557 2184 592 2233 iis,
609 2198 660 2241 [purae
675 2183 700 2226 ad
712 2186 736 2232 3,

25 2271 36 2311 λ
54 2284 74 2326 p.
95 2271 118 2318 n,
139 2267 205 2316 attuli,
228 2266 299 2320 similia
315 2266 398 2325 praehet
418 2272 454 2309 cat.
475 2267 507 2310 Gr.
526 2283 547 2327 p.
564 2270 610 2311 29h.
645 2268 764 2313 Fortasseas

24 2352 87 2396 multo
101 2352 158 2410 plura
174 2350 274 2394 Theodori
288 2351 308 2393 in
324 2356 393 2393 catena
408 2352 484 2401 insunt,
508 2351 542 2394 sed
563 2351 683 2408 antiquitatis
698 2350 738 2394 fide

26 2435 130 2478 destitutus
144 2434 192 2477 nolo
208 2434 326 2477 coniecturis
341 2447 406 2490 agere.

67 2518 143 2570 Calena
152 2518 173 2561 in
183 2518 258 2563 Lucarn
269 2516 317 2562 nihil
327 2517 428 2563 Theodori
439 2519 536 2569 eontinet,
553 2524 622 2562 contra
637 2533 671 2570 ea7
688 2535 740 2578 quae

71 2676 146 2710 atton.
162 2676 192 2714 λλ,
207 2675 234 2709 37.
249 2675 275 2710 39.
301 2668 442 2714 ruhtttugaot.
459 2675 476 2707 1..
505 2672 572 2719 ihshu
584 2673 647 2719 roduna
662 2688 675 2710 ο
690 2679 740 2712 suist.

28 2744 53 2770 ro.
65 2734 94 2770 ναὶ
106 2746 137 2769 cru.
147 2746 161 2769 c.
173 2738 191 2769 t..
216 2745 241 2769 rs.
253 2738 288 2770 lah.
301 2737 330 2776 ts,
342 2737 368 2771 37.
