1773 3073
138 55 170 93 138
355 57 468 93 THEOBORI
479 56 629 93 MOPSVESTENI

138 167 212 225 νόμενα
226 164 253 217 ἀς
267 163 338 223 ἀληθή.
369 167 410 210 Καί
424 165 574 223 συγκοινωνοάς
588 166 610 211 δέ
625 184 664 225 μου
678 170 713 225 τής
731 165 810 225 χάριτος
830 165 852 211 τό

140 238 188 294 αύτό
203 236 264 294 λέγει·
288 236 354 296 ἐπειδή
369 236 408 296 γάρ
423 236 485 291 αύιός
499 236 576 297 εἰλήφει
590 237 649 298 χάριν
663 237 775 296 ἀποστολῆς
789 240 817 290 εἰς
831 237 853 282 τό

139 309 237 355 πιστεύειν
252 309 341 365 ἑτέρους,
358 307 368 354 ὁ
383 309 482 355 πιστεύων
497 309 524 363 ῦς
539 311 591 364 εἰκός
606 310 706 357 ἐκοινώνει
720 316 754 370 τῆς
768 310 853 370 χάριτος.

180 387 197 437 Ι,
213 387 292 427 8-11,
322 382 420 427 Βούλεται
441 386 502 428 εἰπεῖν
518 384 548 428 ότι
565 384 641 442 μάρτυς
659 402 698 441 μου
713 382 724 428 ὁ
738 382 787 435 θεὸς
801 382 854 436 ὅπως

124 456 182 511 ιπερὶ
197 453 273 508 πάντας
287 453 340 513 ῦμάς
354 453 463 520 διάκειμαι,
478 457 510 501 καί
520 454 659 514 προσεύχομαι·
666 456 757 502 ἑκάστοτε
771 455 854 500 πλεονά-

140 533 180 583 ζειν
201 527 237 585 μέν
256 526 314 585 ῦμιόν
333 527 370 587 τήν
389 530 433 588 περί
452 528 488 575 τόν
507 528 558 575 θεόν
580 530 614 575 καί
633 527 670 587 τήν
689 530 733 588 περὶ
757 526 856 587 ἀλλήλους

140 600 228 659 ἀγάπην,
248 605 322 658 γνῶσιν
337 601 359 646 δέ
374 602 424 660 έχετυ
438 600 491 659 ύμάς
505 601 541 660 τήν
555 601 698 660 προσήκουσαν
712 604 756 661 περί
770 605 810 647 τῶν
829 604 855 654 εἰς

141 673 213 732 ἀρετήν
235 672 391 726 συντεινόντων,
415 673 558 733 δοκιμάζοντας
578 676 622 720 τίνα
643 673 668 720 τά
689 677 803 732 κρείττονα,
823 676 856 719 καί

141 748 185 804 περὶ
199 750 262 790 ταῦτα
276 751 352 802 μᾶλλον
367 747 522 802 ἐσπουδακότος,
545 746 595 791 ἀίστε
612 745 665 804 ῦμάς
679 747 701 790 έν
715 750 739 805 τῇ
757 744 856 805 μελλούσῃ

116 817 204 879 ιοήμέρμ
226 818 339 876 ἀμέμπτους
360 818 410 864 κατά
431 818 496 864 πάντα
518 824 617 878 φανήναι,
640 818 700 876 όγκον
721 819 857 876 ἐπαγομένους

142 890 305 949 κατορθωμάτων
325 890 354 947 ἐφ’
374 889 403 942 οἷς
421 891 519 943 δυνατόν,
541 893 573 936 καί
593 891 643 936 κατά
657 890 693 936 τόν
707 889 798 949 παρόντα
813 893 857 948 βίον

143 962 284 1019 θαυμάζεσθαι
295 961 324 1020 ἐφ’
335 960 392 1019 ύμῶν
401 962 437 1006 τόν
450 964 509 1014 θεόν,
524 962 605 1007 πάντων
620 962 647 1016 τίς
662 964 713 1015 εἰκός
728 964 759 1007 έπί
773 967 797 1022 τῇ
811 961 858 1019 ῦμε-

142 1035 189 1094 τέρη
204 1034 262 1092 ἀρέτη
279 1035 354 1078 ἐκεῖνον
368 1033 542 1091 ἐκπληττομένων,
566 1030 627 1090 οῦπερ
645 1033 673 1079 ἐπ’
693 1033 777 1093 όνόμιιιι
795 1038 858 1078 ταῦτα

143 1113 221 1152 ποιεῖτε.

120 1196 137 1223 ιτ
186 1182 206 1230 Ι,
224 1183 254 1223 12,
282 1176 305 1222 Ὁ
326 1177 424 1236 μακάριος
445 1182 527 1231 Παῦλος
547 1179 632 1237 ἐφέσεως
651 1179 701 1224 κατά
720 1183 757 1224 τοῦ
778 1177 859 1237 Φήστου

146 1250 268 1310 χρησάμενος
291 1250 426 1308 βουληθέντος
450 1250 513 1296 αύτόν
533 1250 638 1304 Ἰουδαίοις
659 1251 753 1297 ἐκδοῦναι
773 1252 805 1295 καί
825 1250 859 1295 διά

146 1327 205 1367 τοῦτο
224 1326 316 1379 Καίσαρα
335 1321 509 1381 ἐπικαλεσάμενος,
530 1322 608 1381 ἀνήχθη
627 1323 706 1380 δέσμιος
723 1326 750 1376 εἰς
763 1323 801 1380 τήν
813 1321 860 1366 Ῥύ-

147 1414 198 1454 μην,
214 1396 311 1453 εἰσαχθεὶς
326 1395 347 1439 δέ
361 1399 388 1456 τῷ
404 1394 484 1452 Νέρωνι
498 1397 530 1440 καί
544 1393 595 1454 ῦπέρ
609 1400 649 1441 τῶν
663 1393 710 1441 καθ’
725 1394 797 1440 ἑαυτὸν
812 1393 860 1439 ἀπο-

147 1466 282 1526 λογησάμενος
296 1471 349 1525 διττή
368 1467 441 1526 χρόνον
460 1467 535 1513 αὐτόθι
550 1469 660 1527 διέτριψεν,
680 1472 790 1520 παντελοῦς
806 1485 860 1512 τετυ-

123 1541 212 1601 ιοχηκιός
226 1545 260 1598 τής
275 1539 369 1597 ἀφέσεως,
401 1540 449 1585 Τότε
464 1542 533 1586 τοίνυν
547 1541 675 1598 προσεδόκων
685 1541 721 1599 μέν
732 1540 816 1593 ἀπαντες
825 1540 861 1586 τόν

149 1613 248 1672 μακάριον
259 1617 343 1657 Παῦλον
357 1610 436 1665 πάντως
451 1611 578 1671 ἀναιρεῖσθαι
592 1611 632 1658 ῦπό
646 1618 682 1659 τοῦ
692 1613 795 1671 Νέρωνος,
811 1612 861 1671 ἀμο-

149 1684 210 1731 τάτου
229 1684 265 1729 τόν
283 1677 358 1742 τρόπον
373 1685 440 1737 όντος,
460 1686 494 1729 καί
513 1685 597 1742 μάλιστα
615 1685 680 1743 έπειδή
701 1702 742 1737 πως
756 1688 789 1730 καί
803 1686 862 1730 καινά

148 1757 214 1803 ’ἐδόκει
228 1756 336 1811 διδάσκειν,
351 1755 403 1802 πολι)
417 1760 451 1814 τής
465 1755 509 1802 τότε
521 1757 576 1816 παρά
584 1756 688 1816 Ῥωμαίοις
697 1756 809 1816 κρατούσης
819 1759 862 1815 περὶ

150 1829 200 1875 θεόν
215 1828 273 1887 δόξης
288 1827 387 1886 ἀλλότρια.
413 1828 494 1887 Ἔτυχεν
505 1824 542 1874 οῦν
552 1835 661 1882 παντελοῦς
671 1829 769 1889 ἀφέσεως,
788 1828 814 1881 ῦς
830 1831 863 1874 καί

126 1924 144 1950 -25
152 1900 278 1958 ἀναχωρῆσαι
293 1905 327 1958 της
341 1891 417 1957 Ῥοίμης
430 1902 464 1945 καί
477 1906 504 1960 τῷ
520 1901 605 1959 συνήθει
618 1900 685 1963 τρόπῳ
700 1901 814 1959 χρήσασθαι
829 1906 864 1957 τής

152 1974 288 2024 διδασκαλίας·
304 1971 405 2030 έξέπληττέ
418 1990 439 2018 τε
453 1972 543 2026 ἀπαντας
556 1973 579 2019 τό
592 1974 700 2032 γενόμενον
710 1977 742 2020 καί
752 1975 864 2034 παρρησίαν

153 2048 228 2103 ἐμπαίει
242 2052 283 2098 τοῖς
297 2053 374 2099 πιστοῖς
389 2050 426 2090 τοῦ
442 2044 548 2091 διδάσκειν.
581 2051 645 2092 Τοῦτο
658 2042 695 2092 οῦν
704 2048 763 2104 λέγει,
779 2046 809 2091 ότι
819 2046 865 2103 βού-

152 2125 210 2177 λομαι
226 2117 278 2175 ἀμάς
293 2119 374 2174 εἰδέναι,
389 2117 415 2171 τός
429 2118 454 2164 τά
468 2123 502 2176 τής
512 2121 641 2171 διδασκαλίας
651 2117 747 2178 ὁσημέραι
759 2115 866 2177 προκόπτει

152 2197 186 2250 τῆς
202 2193 260 2250 έμής
280 2194 340 2249 δήλος
356 2190 395 2249 γάρ
413 2192 444 2236 έπί
462 2197 504 2243 τοῖς
523 2195 602 2249 δεσμοῖς
617 2210 656 2248 μου
671 2192 745 2237 ἀπασιν
760 2189 865 2249 ἐγενόμην,

127 2266 186 2314 κακαί
200 2265 298 2323 εἰσαχθεὶς
312 2265 356 2322 περὶ
370 2267 410 2309 τάν
424 2262 470 2309 καθ’
486 2262 558 2309 ἑαυτόν
573 2263 736 2323 ἀπελογησάμην,
757 2265 790 2309 καὶ
805 2263 867 2314 οὕτως

154 2336 256 2396 ἀπήλλαξα
275 2335 396 2391 ἀκινδύνως,
417 2336 467 2381 άίστε
481 2335 569 2389 πολλούς
583 2340 623 2380 των
638 2335 751 2393 ὁμοπίστων
768 2335 867 2381 διδάσκειν

153 2409 178 2456 τά
191 2415 226 2469 τής
241 2410 340 2469 εὐσεβείας
354 2408 393 2456 ἀπό
407 2413 447 2455 τάν
461 2407 503 2455 κατ’
523 2409 556 2467 έμέ
574 2408 611 2467 τήν
627 2411 740 2469 παρρησίαν
757 2408 867 2469 εἰληφότας.

197 2487 221 2535 ll,
238 2489 256 2529 7.
286 2483 377 2528 Κένωσιν
391 2481 403 2541 ή
418 2485 464 2529 θεία
478 2481 546 2542 γραφή
562 2483 623 2541 φησίν
637 2481 660 2527 τό
675 2482 745 2541 μηδὲν,
761 2481 788 2536 ἀς
802 2481 824 2527 τό
839 2499 869 2526 κε·

155 2556 237 2599 αένωται
251 2555 263 2613 ή
278 2559 353 2607 πίστις,
370 2555 414 2599 ἀντὶ
427 2560 464 2598 τοῦ
479 2554 539 2600 οῦδὲν
554 2555 665 2613 πέφανται,
679 2557 712 2599 καὶ
724 2554 783 2600 κενόν
799 2554 837 2612 ἀρα
847 2551 869 2597 τό

202 2686 216 2709 ι,
228 2678 245 2709 C.
258 2679 284 2711 Cr.
298 2689 313 2720 μ.
325 2678 362 2710 236.
379 2677 415 2721 (Θ.)
427 2671 486 2718 νἀλλος
497 2676 556 2722 φησιν’
586 2685 611 2709 τι.
628 2678 675 2718 Quae
687 2678 788 2711 adiiciuntur
801 2678 870 2719 Chryso·

157 2738 206 2771 ειοπιί
219 2741 261 2771 sunt.
292 2746 314 2771 ισ,
334 2739 350 2773 C·
364 2739 389 2772 Cr⁴
402 2750 418 2782 p.
430 2741 468 2774 238.
486 2737 521 2785 (Θή
534 2732 592 2777 ’Ἄλλος
604 2735 662 2781 φησίν·
693 2746 717 2773 ει.
736 2738 752 2773 Ε,
766 2739 792 2773 δι,
806 2748 821 2781 p.
833 2735 869 2771 259.

157 2797 193 2843 «(Θή
207 2797 241 2832 Καὶ
253 2794 301 2838 ἀλλος
313 2797 331 2833 δέ
343 2809 403 2842 φησιν·
428 2808 451 2832 τε.
466 2802 512 2834 Rom.
525 2800 545 2841 λ,
559 2800 584 2832 λλ,
608 2798 630 2831 ib.
644 2799 661 2832 G.
675 2800 710 2834 Cn:
724 2795 828 2841 ἀπέφανται.
847 2793 848 2798 ’
