1723 3073
241 100 262 132 ΙΝ
274 99 397 136 EPISTOLAM
408 102 437 134 AD
454 99 559 135 GALATAS.
727 94 759 132 123

42 202 130 262 έαβληθη
149 201 162 262 ἡ
182 203 215 249 διιλ
234 202 299 261 νόμου
321 204 403 263 ἀνάγαη.
428 200 464 251 Ὧι
481 203 494 263 ἡ
512 204 561 259 δόξα
578 206 606 257 είς
620 202 669 255 τούς
685 205 760 253 αἰῶνας

42 272 105 333 ἀμήν
118 275 151 319 ναί
165 279 226 320 τοῦτο
240 274 310 321 ααινέν
325 278 357 323 ταὶ
371 277 548 338 παρηλλαγμένον·
563 276 586 322 τέ
601 274 638 335 μέν
652 273 691 334 γάρ
706 271 760 332 ἀμην

42 346 134 404 οὐδαμοῦ
149 347 170 392 έν
188 346 239 405 ἀρηβ
256 349 289 393 ααί
304 350 325 394 έν
339 352 451 408 προοιμίοις
470 351 572 408 ἐπιστολῆς
589 347 707 406 εὐρίσαομεν
721 347 759 392 νεί-

42 436 111 476 μενον,
128 417 177 464 ἀλλά
190 418 239 477 μετά
253 420 326 466 πολλά
342 423 430 468 ένταῶθα
446 422 467 468 δέ
482 421 561 475 δειανύς
575 422 606 468 δτι
619 422 653 467 ααί
667 419 692 467 τά
708 422 760 477 εἰρη-

41 491 91 549 μένα
111 491 181 550 ίαανὴν
201 491 251 550 εἶχεν
269 496 390 552 ιιατηγορίαν
410 498 507 540 Γαλατῶν
525 497 558 539 ναί
573 494 602 540 δτι
618 493 678 552 λόγος
696 492 759 551 ἀπηρ-
778 509 786 537 5

42 562 133 621 τισμένος
153 565 214 617 ἐστίν,
234 564 257 609 τδ
278 569 384 624 προοίμιον
401 571 463 611 ταῦτα
481 566 565 612 τέθειαε·
587 567 611 613 τά
626 567 664 625 γάρ
679 564 759 624 φανεροί

42 639 82 681 τῶν
104 635 231 693 έγαλημάταν
250 636 274 681 οὐ
294 642 368 694 πολλης
390 640 452 682 δεῖται
472 643 600 695 αατασαευῆς.
625 637 760 696 -Ἀναμνησας

44 709 113 752 τοίνυν
127 712 164 751 τού
179 713 279 764 σταυροῦ,
294 713 328 767 της
346 707 481 763 ἀναστάσεας,
500 714 535 766 τῆς
553 715 593 755 τῶν
612 708 760 767 ἀμαρτημάτιον

43 777 167 836 λυτρῶσεας,
189 784 223 836 της
242 778 292 834 πρὸς
310 779 332 824 τδ
351 779 423 837 μέλλον
443 779 561 839 ἀσφαλείας,
583 786 617 840 τῆς
631 786 667 826 τοῶ
684 779 760 839 πατρὸς

43 849 133 908 γνῶμης,
147 854 182 909 τῆς
191 854 228 896 τού
238 854 284 896 νίού
294 855 378 910 βουλῆς,
393 856 428 910 τῆς
442 851 530 911 ηάριτος,
545 857 579 912 τῆς
593 853 679 912 εἰρήνης,
694 852 786 911 πάσηςιο

45 923 108 969 αὐτοῦ
128 927 163 981 της
180 927 256 983 δῶρεάς
275 927 301 977 είς
316 927 433 982 δοξολογίαν
452 925 562 971 αατέαλεισε
576 926 612 972 τίν
629 925 700 984 λόγον,
722 924 759 983 την

46 995 100 1056 αὐτῷ
115 995 204 1054 δυνατὴν
218 995 318 1054 εὐφημίαν
332 995 383 1054 ὐπέρ
397 1001 432 1055 τῆς
447 998 564 1056 οἰκουμένης
576 998 698 1056 ἀναπέμπων
708 996 760 1044 ἀπά-

38 1074 87 1125 ’σης
104 1067 137 1112 διά
147 1073 207 1112 τοῦτο
217 1070 249 1112 ναὶ
261 1068 398 1126 σφοδρότερον
412 1073 440 1130 τῶ
454 1069 502 1127 μετά
516 1074 579 1115 ταύτα
593 1070 685 1128 αέχρηται
699 1069 758 1130 λόγῳ,

43 1139 136 1196 ααθάπερ
151 1140 252 1198 παραθεὶς
272 1143 365 1197 σφοδρῶς
385 1139 425 1186 ὐπὸ
442 1145 477 1199 της
496 1141 575 1194 ε’ννοίας
588 1145 628 1187 τῶν
643 1140 760 1198 εὐεργεσιῶν

43 1216 80 1255 τού
96 1216 158 1255 θεού·
180 1211 241 1255 είπῶν
255 1210 304 1269 γάρ·
327 1207 343 1272 ηδ
358 1210 370 1269 ἡ
385 1211 434 1266 δδξα
450 1215 477 1265 είς
491 1212 539 1264 τούς
554 1216 628 1264 αἰῶνας
642 1211 704 1270 ἀμην,
720 1211 786 1257 ἀπέισ

45 1282 182 1342 σφοδροτέρας
196 1283 275 1342 ἀρχεται
291 1282 411 1342 έπιπληξευς
426 1284 479 1330 οὐτῶ
493 1283 562 1342 λέγων.

86 1359 103 1406 1,
120 1361 184 1400 6--8,
214 1356 255 1400 Διά
269 1355 350 1402 πάντιον
364 1357 437 1414 ηὐξησε
451 1356 488 1414 τὴν
503 1355 588 1401 ἀτοπίαν
597 1360 631 1414 τῆς
641 1359 760 1414 μεταβολῆς,

45 1427 68 1472 τὸ
83 1426 147 1479 οὐιῶς
161 1426 222 1471 είπῶν
236 1427 311 1484 πολλὴν
326 1428 371 1485 έηον
385 1427 422 1485 νέην
435 1426 536 1481 ἔνδειξιν,
548 1429 581 1472 ααλ
595 1427 618 1472 τὸ
632 1427 706 1484 ταχέας
721 1428 761 1472 έπι-

46 1497 137 1552 συνάψας
156 1499 188 1543 καί
207 1496 229 1542 τδ
244 1501 375 1555 μετατίθεσθε
389 1498 536 1557 προστεθειαῶς
553 1498 578 1543 οὐ
595 1497 714 1556 μετάγεσθε,
735 1495 762 1550 ῶς

46 1571 77 1615 έπί
92 1569 175 1628 ἀφύηων
190 1570 238 1628 φησί
253 1573 384 1627 μετατίθεσθε
398 1573 426 1623 είς
440 1569 651 1630 έτερονεύαγγέλιον,
666 1573 700 1615 ἵνα
713 1572 789 1628 δοαῇαο

45 1642 144 1698 παντελὴς
154 1641 205 1687 εἶναι
215 1642 314 1700 εὐσεβείας
324 1643 438 1700 μετάθεσις,
453 1644 486 1688 παὶ
501 1645 534 1687 ἵνα
548 1642 575 1700 μη
591 1640 639 1700 δέξη
655 1647 763 1700 συγχωρεῖν

46 1714 114 1773 έτερον
127 1713 242 1772 εὐαγγέλιον
258 1713 309 1759 εἶναι
324 1714 335 1759 δ
350 1712 388 1759 οὐν
403 1714 455 1759 έστιν
470 1713 528 1767 ἀλλο,
537 1718 585 1766 ,πῶς
600 1708 637 1759 οὐν
652 1712 709 1767 εἶπας
724 1714 763 1759 έτε-

46 1804 91 1846 ρον;
115 1790 131 1830 εί
150 1786 177 1845 μη
195 1786 247 1838 τινές
265 1790 314 1831 εἰσιν
330 1790 349 1831 οί
362 1786 495 1846 ταράσσοντες
509 1785 561 1845 ὐμῶς
575 1788 608 1831 ααί
622 1786 716 1839 θέλοντες
731 1803 765 1845 με-

45 1859 153 1917 ταστρέψαι
172 1858 195 1903 τδ
215 1857 331 1915 εὐαγγέλιον
350 1862 387 1903 τοῦ
409 1862 508 1915 Χριστοῦ,
531 1859 568 1917 την
588 1858 627 1904 ἀπὸ
648 1862 686 1904 τού
706 1859 765 1911 ὄντος

47 1932 163 1990 εὐαγγελίου
175 1930 287 1988 μεταβολὴν
302 1930 370 1989 ἕτερον
385 1931 446 1976 είπῶν
461 1930 585 1988 εὐαγγέλιον
602 1929 644 1977 είτα
659 1931 725 1991 ἐπειδὴ
740 1930 791 1978 τάαε

47 2008 86 2049 τῶν
101 2002 218 2069 ἀποστόλων
237 2001 334 2058 πρόσωπα
351 2001 507 2059 προεβάλλοντο,
528 2002 578 2047 ῶστε
598 2006 660 2057 δείξαι
680 2004 711 2049 δτι
728 2002 765 2060 οὐχ

47 2075 121 2122 έαυτδν
140 2077 220 2121 έαείνῶν
237 2079 333 2135 προτιμᾷ,
353 2072 403 2119 ἀλλά
423 2074 460 2132 τὴν
474 2073 580 2132 ἀληθειαν,
599 2070 624 2134 ἧς
643 2076 699 2128 ἐντὸς
718 2075 765 2121 οὐδέ

47 2147 120 2194 ἑαυτὸν
135 2147 187 2192 εἷναί
200 2164 218 2192 τι
233 2146 345 2203 νενίμιαεν,
368 2146 417 2208 ὅθεν
433 2146 482 2192 αὐτὸ
497 2149 529 2192 ιιαί
545 2147 637 2202 έπαύξαν
656 2149 729 2205 έλεγεν·
750 2148 765 2206 ἢ

50 2221 133 2279 ἀγγελος
148 2221 167 2275 έξ
183 2218 281 2279 οὐρανοῦ,
302 2222 335 2264 λ’να
352 2218 402 2276 μηδέ
422 2217 433 2276 ἦ
450 2222 486 2263 τού
504 2217 569 2265 τόπου
588 2219 699 2275 ἀξιοπιστία
716 2219 765 2278 μετά

49 2297 86 2338 τοῦ
101 2291 211 2349 προσῶπον
225 2297 353 2348 συναφθείσα
368 2289 487 2350 ἀντίββοπος
504 2295 539 2348 τῆς
554 2291 649 2349 ἀληθείας
663 2291 715 2336 εἶναι
731 2306 792 2337 νο-οο

48 2368 134 2423 μίζηται·
150 2368 166 2410 εί
181 2365 207 2423 μη
222 2364 274 2416 τινές
289 2367 337 2408 είσιν
352 2366 372 2407 ολ
385 2361 518 2419 ταράσσοντες
533 2362 594 2420 ὑμῶς,
610 2365 668 2421 φησί,
684 2366 717 2410 ναὶ
731 2365 766 2410 θέ-

48 2443 116 2489 λοντες
131 2436 249 2495 ἀνατρέπειν
263 2436 285 2481 τδ
301 2435 416 2493 εὐαγγέλιον
430 2439 466 2479 τού
481 2439 579 2492 Χριστοῦ,
599 2436 713 2492 τουτέστιν,
729 2437 767 2490 έῶς

48 2509 74 2554 ἀν
91 2507 194 2567 ὐγιαίνητε
210 2509 246 2555 τὸν
264 2512 324 2563 νοῶν,
345 2506 382 2551 οὐα
402 2506 536 2563 ἐπιγνώσεσθε
555 2508 623 2566 ἕτερον
640 2507 766 2566 εὐαγγέλιον,

49 2581 85 2632 ἕως
100 2579 126 2624 ἀν
141 2580 195 2638 ὐρθά
209 2581 291 2638 βλέπητε
306 2581 338 2623 ταὶ
352 2577 379 2635 μὴ
395 2578 550 2635 διεστραμμένα,
570 2579 595 2624 τά
610 2579 637 2637 μὴ
652 2580 702 2627 ἀντα
716 2601 766 2641 φαν-

48 2650 158 2711 ταζόμενοι.
211 2682 213 2687 -
775 2668 793 2697 τε

98 2821 121 2847 17.
135 2813 170 2848 Cat.
184 2814 211 2848 Cr.
224 2824 239 2855 p.
249 2814 275 2848 16.
285 2813 320 2856 (θ.)
329 2807 385 2851 ’Ἄλλος
397 2806 415 2845 δέ
427 2808 478 2846 ιιάλιν
489 2804 543 2854 οὐτας
554 2808 640 2860 έρμηνιύει
652 2815 674 2849 τὰ
685 2812 768 2861 εἰρημένα.

53 2884 76 2909 ιε.
91 2876 110 2910 (2.
124 2875 158 2909 Cn:
171 2868 220 2918 εἶχον.
246 2882 271 2910 ετ,
286 2876 332 2917 Quae
344 2874 404 2908 deinde
416 2875 432 2907 in
445 2878 476 2909 σοι.
489 2880 581 2919 sequuntur
590 2877 658 2913 aliunde
667 2879 717 2922 petita
726 2880 768 2911 sunt.
