1773 3073
85 77 87 82 Δ
115 100 431 136 '15AETHEODORIMOPSVESTENI
443 102 465 136 IN
478 100 602 137 EPISTOLAM
613 102 621 134 I
632 102 662 135 ΑΙ)
674 99 814 136 ΤΙΜΟΤΗΕΠΜ,

116 207 226 267 ἀμερίμνως
240 205 275 258 τίις
290 206 402 264 σωματιπίις
419 207 442 252 ἐν
457 210 492 266 τῆς
506 207 608 264 ἐκκλησίας
622 208 740 267 πορίζεσθαι
757 207 834 265 χρείας,

116 281 137 325 ἐν
147 280 168 324 δὲ
176 276 250 324 τούτου
259 283 340 323 πλείστα
351 277 377 331 ὡς
387 279 440 331 είιιὸς
457 279 563 324 ἐπετελείτο
576 278 636 335 παπύ,
652 276 685 324 διίι
697 279 758 323 τούτο
769 276 836 339 ἡλικίη

115 353 148 398 ναί
162 350 223 410 οίρετβ
237 349 323 410 εόρίσατο
338 351 375 410 την
389 354 417 405 είς
431 351 467 397 τόν
481 350 594 409 πατόιλογον
607 355 648 396 τόν
658 354 724 409 χηρῶν
734 354 836 395 συντελεῖν

116 422 243 481 ὐφείλονσαν.
273 428 372 482 Γεγοννία
387 423 432 476 ἑνός
442 423 517 482 ίινδρός
526 423 586 481 γονὴ,
603 422 647 468 ύντί
656 426 693 468 τού
703 422 730 480 μη
742 420 836 478 δεύτερον

101 493 239 551 εὐγαγομόνη,
262 493 302 538 ἀλλ’
319 495 386 555 ἐπείνφ
400 495 456 556 μόνῳ
471 493 661 553 προσανρτερησασα
675 496 709 538 ιιαὶ
724 493 836 552 σωφρόνως

114 564 216 622 βιώσασα,
231 569 269 610 είτε
284 567 320 611 ἕνα
334 571 407 611 τούτον
422 566 483 624 εἶχεν,
499 570 536 611 εἴτε
550 568 584 610 παὶ
598 564 692 623 δεύτερον
706 563 798 622 ήγόγετο.

128 632 130 635 ”
156 640 192 689 Vl,
208 642 226 682 λ.
243 642 261 682 5.
295 637 378 691 Φθόνος
392 638 428 696 μὲν
442 638 527 684 ἕποίστον
537 640 680 698 βασιιαίνοντος
689 635 712 681 τό
723 635 777 688 όπως
786 636 834 681 ποτὲ

115 709 228 768 εὐδοκιμεῖν
247 711 269 754 ἐν
287 715 312 770 τῇ
330 712 413 766 διαλέξει
431 712 549 769 δυνηθέντα,
570 712 633 769 ἔριδες
652 711 673 755 δὲ
694 710 834 768 ἐκφερομένων

116 780 183 826 αὐτόν
202 784 229 834 είς
249 781 322 840 μόιχας,
344 784 376 826 ναί
396 784 520 841 βλασφημίαι
539 782 560 828 δὲ
578 781 642 827 πολλὰ
662 781 698 840 μὲν
717 782 750 826 παὶ
768 779 835 826 αὐτων

90 853 215 911 φλεγόντων
230 852 263 900 οἶα
277 853 303 913 μίγ
318 858 414 913 προσῆγε,
429 856 514 912 μοίλιστα
528 855 550 900 δὲ
563 859 604 900 τῶν
619 853 674 906 ἐντός
693 851 836 912 βλασφημούν-

115 944 156 971 των
171 925 230 985 ἡμᾶς,
246 925 273 979 τός
287 928 332 985 περί
346 927 368 972 τό
384 931 448 984 ζητεῖν
461 927 498 985 τὴν
513 926 586 984 σχολὴν
602 926 692 983 ἔχοντας’
708 925 785 983 οίνοίγιιη
797 921 835 970 οὐν

116 999 150 1043 ιωίι
168 997 266 1050 ὑπονοίας
283 998 374 1056 πονηρός
394 999 439 1056 περὶ
458 996 514 1056 ἡμῶν
535 999 649 1056 ἐγγίνεσθαι
665 1003 707 1050 τοῖς
725 997 780 1050 ἐντός
795 996 835 1042 οίιιδ

116 1069 202 1126 τούτων,
218 1071 323 1126 όίνθρωποι
338 1068 470 1128 διεφθορότος
483 1068 521 1127 την
536 1067 675 1115 διάνοιανκαὶ
691 1069 787 1127 οὐδεμίαν
800 1073 836 1128 τῆς

117 1140 213 1200 ἀληθείας
223 1143 333 1200 ἐπιθυμίαν
344 1142 429 1200 ἔχοντες,
439 1141 505 1188 πάντα
515 1142 599 1201 πέρδονς
607 1142 673 1187 ἔνεπεν
682 1141 835 1200 ἐπιτηδεύοντες,

92 1239 110 1269 1⁵
158 1218 194 1269 Vl,
211 1219 241 1259 12.
274 1214 378 1269 Τοντὲστι,
393 1214 419 1272 μὴ
434 1213 569 1272 καταισχύνῃς
578 1213 615 1271 την
625 1215 737 1273 παρρησίαν
749 1215 836 1271 ἐκείνην·

118 1287 187 1332 πολλοί
201 1286 240 1344 γὰρ
254 1281 306 1345 ἦσαν
321 1289 341 1332 οί
353 1285 390 1332 τόν
404 1285 504 1345 μανύριον
521 1285 622 1344 Τιμόθεον
642 1284 730 1331 σονόντα
750 1290 778 1348 τῷ
800 1304 837 1343 μα-

119 1362 181 1421 ιιαρίφ
197 1359 272 1420 Παύλῳ
287 1358 387 1415 εὐσεβείας
402 1359 468 1404 ἕνεκεν
482 1358 564 1414 εἰδότες,
579 1361 611 1404 παὶ
626 1358 666 1416 μην
675 1362 708 1404 παλ
718 1357 836 1404 πεπονθότα

120 1430 158 1475 ούιι
173 1430 229 1487 όλίγα
244 1430 372 1487 διὰταύτην.

162 1506 196 1552 vl,
215 1508 245 1547 15.
262 1507 293 1548 16.
323 1501 433 1559 Μαιιύριον
452 1501 515 1547 αὐτόν
535 1502 625 1546 ίπύλεσεν
646 1502 677 1546 ἐπὶ
697 1501 789 1546 σοστόσει
802 1506 837 1559 τῆς

94 1572 231 1631 ηχμελλούσης
240 1572 372 1632 προσέσεσθαι
389 1571 436 1632 ἡμῖν
450 1572 602 1633 οίτρεπτότητος,
618 1574 718 1632 δννίιστην
733 1574 754 1618 δὲ
769 1573 799 1618 ότι
812 1573 836 1632 δη

120 1645 157 1703 τὴν
172 1644 282 1691 ίινίιστασιν
297 1644 421 1702 ἐργάσασθαι
436 1645 533 1701 δυνατός,
555 1647 587 1689 παὶ
605 1645 645 1703 μὴν
658 1646 691 1690 ιιαί
706 1645 787 1703 βασιλέα
804 1647 838 1690 ναί

120 1718 192 1776 λύριον
210 1718 240 1762 ἐπὶ
260 1716 360 1771 ἀποδείξει
376 1721 413 1762 τού
431 1715 512 1762 πόντων
531 1723 610 1775 ιιρατεῖν
624 1719 656 1762 ιιαί
671 1716 773 1763 δύνασθαι
786 1715 837 1762 ύπο-

121 1789 179 1843 τοίξαι
192 1792 224 1834 καί
239 1790 330 1834 θοίνατον
346 1789 438 1847 ὐφελείν,
454 1789 487 1835 διίι
501 1794 561 1834 τούτο
575 1792 608 1834 παὶ
623 1789 686 1847 μόνον
702 1790 772 1848 ἔχοντα
787 1788 837 1835 οίθα-

121 1864 202 1916 νασίαν,
223 1861 250 1913 ύς
267 1861 293 1906 όίν
312 1861 382 1907 ίιιανόν
399 1865 458 1907 τούτο
473 1860 521 1921 ἡμῖν
535 1868 652 1921 παρασχεῖν,
674 1863 707 1907 ποί
721 1861 744 1906 τό
759 1865 802 1920 φύς
817 1862 838 1907 δὲ

96 1936 183 1989 ,ςοίιιων
198 1932 307 1991 οίπρόσιτον
322 1933 417 1980 σύστασιν
432 1934 478 1992 ἕχον
491 1937 528 1979 τού
543 1935 564 1979 ἐν
579 1933 650 1996 οίφόιτφ
664 1936 703 1980 τινί
717 1935 749 1980 παὶ
763 1933 838 1993 ιίπροσ-

123 2009 157 2068 ίτφ
171 2005 295 2063 τνγχίινοντα
309 2008 361 2064 φωτί
375 2006 437 2057 όντως
452 2006 476 2065 δη
492 2006 579 2064 φωτεινύ
593 2008 626 2050 ναί
640 2011 680 2051 των
695 2009 777 2051 διναίων
794 2022 837 2051 ποι-

121 2076 177 2136 ήσειν
191 2077 216 2123 τό
230 2076 322 2135 σώματα·
338 2078 391 2123 ούτω
400 2079 434 2123 οιαὶ
443 2077 475 2122 τό
491 2077 514 2123 όν
525 2077 576 2123 εἶδεν
587 2076 653 2131 οὐδεὶς
663 2076 778 2137 ἀνθρώπων
791 2078 838 2124 οὐδὲ

122 2152 171 2193 ίδείν
186 2148 280 2202 δύναται,
296 2148 344 2193 όίστε
359 2151 421 2203 δείξαι
435 2148 465 2193 ὅτι
480 2148 540 2194 οὐδὲν
554 2149 674 2207 θαυμαστόν
688 2150 715 2208 μὴ
728 2152 838 2208 φαίνεσθε,

85 2264 87 2268 ,
122 2226 159 2267 νύν
173 2221 198 2266 τίι
212 2222 256 2266 τότε
270 2222 314 2280 περί
328 2220 380 2279 ἡμᾶς
395 2219 488 2277 ἐσόμενα,
510 2221 562 2266 όπον
576 2239 597 2278 γε
612 2223 645 2266 ναί
659 2221 720 2275 αὐτός
735 2220 746 2268 ό
760 2221 838 2269 τούτων

96 2298 184 2351 χχαίτιος
199 2293 285 2354 ὐύρατος
298 2292 346 2353 ἡμῖν
360 2294 424 2354 πόντη
439 2294 475 2353 την
490 2293 552 2352 φύσιν
567 2295 612 2339 ἐστί.

168 2416 182 2440 7.
195 2408 212 2441 C.
226 2409 252 2442 Cr.
265 2419 281 2451 p,
294 2408 321 2442 βλ.
335 2406 370 2451 (Θ.)
383 2401 443 2446 ’Ἄλλος
455 2403 507 2451 φησίν
519 2405 542 2446 εἰς
554 2405 583 2440 τύ·
596 2403 613 2449 ἒξ
625 2399 648 2439 τόν
660 2405 723 2451 γίνεται
734 2405 838 2452 φθόνοςνού

123 2463 165 2510 ἔρις,
177 2466 206 2501 ναὶ
216 2468 238 2501 τίι
250 2464 293 2512 ἑξῆς.
314 2476 340 2502 ιε,
355 2469 372 2502 C.
384 2469 411 2503 Gr*
423 2478 438 2511 p.
450 2468 477 2501 λδ.
491 2466 516 2501 (δ’
532 2468 554 2500 ib.
566 2468 586 2501 V.
598 2464 672 2501 τοντὲστι
683 2489 697 2494 -
712 2464 777 2513 εἰείνην
788 2469 840 2502 λεύει

124 2527 262 2571 ὓὴιγεοειοιιιιιε,
277 2538 297 2562 ex
313 2538 346 2571 quo
362 2528 434 2562 fortasse
449 2529 538 2570 desumpta
555 2531 598 2561 sunt.
623 2534 647 2560 19.
665 2527 682 2562 C.
695 2529 721 2563 Cr.
733 2539 749 2570 p.
761 2528 788 2563 50.
801 2526 837 2574 (Θ.)

120 2580 178 2626 ἳ’λλλος
190 2585 240 2630 φησί’
