1773 3073
144 129 177 165 '100
368 128 480 161 THEODURI
492 127 643 163 MOPSVESTENI

145 237 181 294 μέν
196 236 223 281 ἔτι
236 233 258 278 τό
271 231 366 290 ἡμέτερον
376 232 479 280 ύπόκετται
490 238 555 292 σῶμα,
570 235 634 294 πολλή
650 234 672 280 δέ
686 235 719 279 καί
733 236 773 277 τῶν
787 231 862 277 παθών

145 309 237 353 ἐντεῦθεν
250 302 299 361 ήμίν
313 303 325 362 ή
341 304 444 364 ἐνόχλησις
458 308 539 363 γίνεται.
555 306 670 365 Εἰρήκαμεν
685 306 706 351 δέ
721 306 753 349 καί
769 303 862 362 ἀνωτέρω

145 380 175 424 ότι
191 375 254 434 σάρκα
273 374 286 434 ή
303 376 371 436 γραφή
389 376 484 430 πολλάκις
502 376 526 422 οὐ
543 377 580 437 τήν
595 378 659 438 φύσιν
673 376 746 436 αὐτήν,
769 375 819 422 ἀλλά
838 376 861 421 τό

143 449 219 506 θνητόν
234 447 277 506 ήτοι
291 447 314 494 τό
329 449 452 508 πρόσκαιρον
468 449 520 494 οὐτω
535 455 598 496 καλελ’
620 455 680 496 τοῦτο
698 445 735 495 οὐκ
754 447 862 494 κάνταῦθα

128 520 193 577 τλέμετ
207 523 242 577 τής
257 519 331 575 σαρκός
346 520 445 579 πρόνοιαν
459 521 486 580 μή
501 529 591 569 ποιεῖσθε
607 526 634 576 εἰς
649 523 766 579 ἐπιθυμίας,
788 520 812 566 οὐ
826 524 862 579 τής

142 591 222 651 φύσεως
237 590 299 650 αὐτής
314 592 386 650 λέγων,
402 593 442 638 ἀλλ’
457 593 500 639 ἀντί
512 598 550 638 ποῦ
563 594 589 653 μή
602 601 645 647 παίς
659 595 775 651 ἐπιθυμίαις
785 593 862 638 έαυτῦν

143 666 301 720 ἐξακολουθείτε,
319 666 411 723 σπονδήν
425 667 527 724 τιθέμενοι
542 667 607 712 ἐκεῖνα
621 665 723 724 πράττειν,
740 665 752 710 δέ
766 665 816 711 κατόι
826 665 862 710 τόν

142 737 232 794 παρόντα
252 740 297 795 βίον
316 738 350 783 διά
367 744 402 797 τής
423 739 506 798 ἐνούσης
523 738 571 797 ύμῖν
590 738 713 798 θνητότητος
730 737 767 796 τὴν
784 741 862 796 κίνησιν

143 809 224 866 δέχεται,
255 808 335 867 Σαρκδς
351 806 389 855 οῦν
403 810 502 866 πρόνοιαν
517 811 568 868 λέγει
581 811 619 869 τήν
631 811 675 867 περί
684 809 709 855 τό
718 808 808 867 παρόντα
817 810 862 867 ήτοκ

117 882 176 926 ιοκαί
189 879 215 926 τά
230 880 295 925 ἀτοπα
310 882 413 940 σπουδήν,
435 880 462 935 ἀς
480 881 506 927 ἀν
524 883 546 926 ἐν
559 887 587 944 τῷ
605 885 641 944 ήίίηι
655 881 720 942 τούτῳ
738 880 862 940 πράττεσθατ

143 952 245 1009 δυνάμενα
260 952 335 1010 μόνον,
357 955 388 998 ἐπί
403 955 425 999 δέ
439 958 476 998 τοῦ
491 954 597 1011 μέλλοντος
612 958 685 1005 αίιῦνος
700 952 737 997 οὐκ
752 953 790 997 ἕπτ’
812 952 861 998 ὅθεν

143 1023 193 1070 αὐτό
209 1025 242 1068 καί
257 1023 362 1079 ἀντέταξεν
376 1025 399 1070 τό
415 1025 527 1071 ἐνδύσασθε
541 1025 577 1071 τόν
591 1026 662 1085 κύρτον
675 1024 753 1083 Ἰησοῦν
768 1025 861 1084 Χριστδη,

143 1096 155 1140 δ
167 1095 191 1153 δή
205 1097 282 1153 μίμημα
293 1101 328 1153 τής
341 1096 450 1154 μελλούσης
465 1099 503 1141 έστί
518 1098 661 1150 καταστάσεως.
690 1096 727 1153 Μή
738 1099 808 1142 τοίνυν
817 1099 862 1155 περὶ

143 1172 203 1214 τοῦτο
218 1169 279 1225 φησίν
294 1167 345 1225 ἔχετε
362 1168 399 1226 τήν
416 1168 519 1227 σπουδήν,
541 1169 594 1222 όπως
612 1169 638 1215 νίν
655 1168 690 1221 τάς
706 1172 743 1213 τοῦ
762 1167 862 1227 παρόντος

119 1244 216 1291 ιεαίῦνος
231 1240 339 1297 ἐπιθυμίας
354 1242 460 1297 ἐπιτελήτε,
482 1239 513 1293 αἷς
532 1240 615 1298 οὐδεμία
629 1240 680 1297 πρός
693 1240 730 1297 τήν
750 1240 862 1296 μέλλουσαν

145 1311 266 1357 κατάστασιν
280 1315 380 1357 κοινωνία.

185 1385 243 1439 XIV,
259 1391 324 1429 7—9.
356 1388 380 1429 Τί
394 1385 444 1442 λέγω
459 1386 520 1443 φησίν
535 1387 629 1443 περὶτοῦ
645 1386 719 1430 ἐσθίειν
734 1386 766 1428 κιίί
783 1389 820 1429 τοῦ
835 1385 861 1442 μή

145 1458 228 1506 έσθίειν;
244 1456 290 1499 οὐτε
306 1461 376 1508 ζῦντες
391 1458 467 1500 ἑαυτῶν
482 1457 550 1512 ἐσμέν,
567 1457 612 1500 οὐτε
627 1455 802 1512 ἀποθνήσκοντες·
823 1455 862 1500 κάν

144 1527 183 1584 μάρ
199 1530 273 1582 ζῶμεν,
288 1527 324 1584 τήν
340 1527 403 1572 αὐτοῦ
418 1528 470 1585 ζωήν
485 1532 559 1584 ζιδμεν,
574 1527 613 1572 κάν
628 1526 796 1584 ἀποθνήσκωμεν,
811 1527 862 1572 κιιτά

119 1599 181 1644 αυτόν
203 1598 251 1653 όρον
274 1597 428 1657 ἀποθνήσκομεν
450 1601 536 1644 ἐκείνου·
560 1599 636 1645 σκοπόν
657 1602 726 1644 τοίνυν
746 1597 863 1657 ἁπανταχοῦ

145 1674 244 1730 προσήκεν
262 1668 310 1729 ήμῖν
328 1677 401 1717 τοῦτον
419 1670 481 1727 εἶναι,
504 1677 531 1734 τῷ
547 1676 589 1735 θεῷ
604 1670 704 1731 ἀρέσκειαν,
727 1672 863 1730 λογιζομένοις

147 1744 177 1789 ότι
188 1747 257 1796 ζώοντες
266 1744 299 1786 καί
310 1742 473 1802 ἀποθνήσκοντες
484 1745 560 1789 ἐκείνου
570 1745 649 1796 πάντως
660 1745 727 1800 ἐσμὲν·
740 1745 773 1788 καὶ
783 1744 863 1797 δεικνύς

146 1816 176 1860 ότι
191 1813 228 1861 οὐκ
242 1813 281 1860 ἀπό
297 1819 331 1873 τῆς
345 1815 442 1874 ποιήσεως
457 1815 531 1875 μόνον,
548 1814 598 1862 ἀλλά
612 1818 645 1861 καί
660 1815 699 1862 ἀπδ
714 1820 755 1861 τάν
770 1816 862 1875 προσφύ-

145 1905 184 1939 τως
204 1888 376 1944 οίκονομηθέντων
397 1889 430 1933 διά
448 1893 546 1945 Χριστοῦ,
570 1889 676 1947 ἐπήμυνεν
699 1891 726 1940 είς
744 1892 803 1933 τοῦτο
823 1888 862 1946 μάρ

120 1957 232 2017 ιτΧριστός
245 1960 278 2003 καί
291 1958 316 2003 τοί
331 1959 381 2018 έξής.
413 1963 527 2018 Λονίσασθε
546 1960 584 2020 νάρ
603 1974 664 2019 φησιν
684 1960 713 2005 ότι
729 1960 815 2018 Χριστός
830 1964 862 2006 καί

146 2030 248 2075 ἀπέθανεν
261 2028 311 2088 ῦπέρ
326 2029 395 2088 ῦμῦυ,
410 2034 442 2076 καί
458 2031 569 2077 ἀποθανάν
585 2032 665 2090 ἀνέστη,
682 2034 715 2077 καί
730 2031 818 2086 ἀναστάς
833 2037 861 2092 ζή,

146 2103 198 2161 ζωήν
213 2105 293 2160 διηνεκῆ
307 2101 357 2161 ῦπέρ
372 2102 428 2162 ήμάν
443 2104 522 2149 ἅπαντα
536 2103 679 2173 ποιήσας.ίἰια
694 2106 726 2150 καί
741 2103 797 2162 ἡμεῖς
812 2105 862 2150 ἀπο-

145 2173 243 2226 θανόντες
256 2178 291 2232 τής
305 2192 325 2218 τε
341 2174 467 2228 ἀναστάσεως
478 2175 533 2237 αὐτῷ
543 2175 706 2234 κοτνωνήσωμεν,
721 2178 753 2222 καί
766 2182 801 2235 της
812 2182 862 2236 ζωής

145 2245 304 2303 ἀπολαύσωμεν,
327 2243 354 2299 ἀς
375 2247 502 2306 πανταχόθεν
525 2239 634 2307 φαίνεσθαι
655 2246 707 2306 ήμάς
728 2250 761 2294 καί
782 2253 862 2312 Χριστῷ

120 2320 247 2364 οιδουλεύειν
267 2317 357 2376 ἀνάνκην
376 2320 466 2378 ἔχοντας,
487 2323 505 2365 εί
519 2338 541 2377 με
556 2322 588 2365 καί
604 2319 767 2378 ἀποθνήσκοντες
785 2323 862 2367 ἐκείνου

145 2390 225 2443 πάντως
240 2390 308 2448 ἐσμέν,
324 2396 361 2437 τοῦ
375 2390 425 2450 ύπέρ
440 2390 497 2450 ήμιῦν
512 2390 662 2444 ἀποθανόντος,
678 2391 727 2436 ἀίστε
742 2390 861 2451 ἀναστῆσαι·

145 2464 177 2506 καὶ
193 2466 262 2516 ζῦντες
277 2464 344 2523 ἐκείνη
358 2464 396 2522 τήν
411 2464 463 2521 ζωήν
478 2463 592 2521 ὀφείλομεν,
613 2463 635 2515 δς
650 2464 746 2522 παρέσχεν
760 2462 809 2521 ήμίν
825 2465 862 2523 τήν

145 2533 194 2589 μετά
208 2532 299 2579 θάνατον
313 2534 358 2594 παρ’
375 2536 444 2581 ἐλπίδα
459 2534 517 2593 ζωήν.

186 2609 240 2660 XIV,
259 2612 289 2652 10.
306 2612 336 2652 11.
370 2606 397 2652 Τό
417 2608 453 2665 μὲν
471 2609 490 2652 τί
507 2609 581 2666 κρίνεις
600 2605 651 2665 πρός
668 2606 704 2652 τόν
721 2608 741 2662 ἐξ
759 2606 862 2654 Ἰουδαίων

118 2680 231 2734 οτείρητατ,
253 2677 275 2723 τό
294 2679 315 2723 δέ
334 2682 352 2723 τί
372 2680 483 2732 ἐξουθενεῖς
503 2678 554 2737 πρός
573 2678 609 2724 τόν
627 2679 646 2731 ἐξ
666 2679 742 2724 έθνάν·
764 2678 861 2742 οὐδετέρῳ

145 2750 207 2807 μησίν
221 2746 278 2806 ὐμῶν
292 2750 368 2809 πρέπον
379 2750 493 2809 οὐδέτερον,
510 2749 576 2810 έπετδή
592 2748 669 2809 ἀνάνκη
683 2749 763 2804 πάντως
777 2756 805 2814 τῷ
820 2770 862 2811 κρι-

143 2825 205 2885 τηρίῳ
219 2826 255 2867 τοῦ
269 2828 357 2880 Χριστοῦ
371 2824 511 2882 παραστάντας
525 2823 561 2877 τάς
576 2822 665 2877 εὐθύνας
679 2829 719 2870 τεόν
734 2825 861 2883 βεβιωμένων

143 2894 247 2953 ῦποσχελιν
271 2896 303 2939 καί
321 2898 347 2946 είς
367 2898 462 2942 πίστωστυ
476 2902 516 2942 τῶν
532 2896 640 2955 εἰρημένων
655 2900 767 2957 μαρτυρίαν
781 2901 861 2957 τίθησι·
