1723 3073
239 108 396 145 IN'EPISTOLAM
408 109 435 143 ΑΙ]
449 107 554 143 ίίλλλΤΑὲ.
723 101 755 138 1“27

81 216 115 268 lV,
131 218 149 258 6.
165 218 184 259 7.
212 211 333 259 Ἠκολουθεί
352 214 395 260 τότε
416 220 440 275 τῇ
462 214 516 261 δόσει
537 218 578 262 τοῦ
595 211 710 270 πνεύματος
730 209 755 254 τοί

38 284 134 343 γινόμενα
151 283 258 343 θαύματα,
279 285 327 344 ὅπερ
349 286 488 346 ἀναμφίβολον
506 285 575 340 αότοίς
592 285 630 345 την
649 281 707 338 δόσιν
729 280 756 335 ἀς

39 356 91 411 είκός
106 360 168 404 ἐποίει
182 361 219 402 τοῦ
233 358 354 416 πνετίματος·
374 361 468 406 ἐντεῦθεν
482 360 503 405 δὲ
518 361 549 406 καί
564 358 587 405 τό
601 362 637 417 της
650 358 756 408 υίοθεσίας

39 429 177 487 μετειληφέναι
192 429 303 485 ἐπίστευον,
324 431 373 476 ὅθεν
390 433 423 476 καί
440 430 501 484 αὐτός
518 430 623 491 θαρρήσας
637 433 665 492 τῷ
679 431 755 490 ἰσχυρῷ

38 505 73 560 της
91 501 216 556 ἀποδείξεως,
237 501 264 554 είς
283 502 316 548 όίτε
335 503 359 561 θη
377 503 416 549 ἀπό
435 508 475 548 τείν
493 504 614 561 πραγμάτων
632 501 754 560 εἰλημμένων
773 514 783 542 5

39 578 79 617 τῶν
93 574 126 617 καί
141 572 186 631 παρ’
202 572 270 626 αότοίς
285 574 429 634 ἀναμφιβόλων
440 574 515 633 ἐπάγει·
531 575 579 620 ἀίστε
594 575 660 621 ου’κέτι
674 573 693 620 εί
706 577 754 620 θοαί-

39 651 85 701 λος,
101 645 151 691 ἀλλά
165 646 209 699 υίός
223 649 256 692 καὶ
267 646 392 706 κληρονόμος
404 651 454 692 θεοῦ
466 647 499 692 δαί
512 652 606 706 Χριστοῦ.
636 646 705 700 Οίίτως
719 645 755 691 οά-

40 721 98 776 δεμία
108 721 139 762 σοί
149 730 209 776 φησι,
224 718 274 775 πρὸς
286 719 333 770 τοὺς
346 718 387 764 ὑπὸ
401 717 465 775 νόμον
480 722 553 772 ζωντας
567 722 661 764 κοινωνία
675 718 753 764 λοιπόν.

82 793 118 846 IV,
135 796 166 835 15.
199 789 227 834 Τό
242 785 279 834 οὖν
293 792 323 842 τίς
337 791 425 835 ἐνταῦθα
441 789 484 837 ἀντί
497 795 534 836 τοι]
548 795 587 836 ποῦ
598 790 608 836 ό
619 789 753 850 μακαρισμός;

41 865 122 919 οίηεται,
142 860 242 916 ἀπώλετο,
260 866 325 913 καλῶς
340 861 377 907 οὐκ
392 860 555 920 ἀποφηνάμενος,
574 862 622 908 ἀλλά
642 863 666 908 δι’
682 862 781 921 ἐρωτιί-λθ

41 945 90 985 σεως
105 931 246 990 ἐνθειξόιμενος.

82 1009 118 1058 lv,
136 1011 167 1051 19.
199 1004 227 1049 Τό
242 1004 265 1050 δὲ
279 1003 349 1061 πόλιν,
365 1005 413 1051 ίίσιε
427 1010 468 1052 τείν
481 1011 572 1051 παλαιείν
586 1006 663 1052 ἀθίνων
673 1006 754 1064 ἀγαγεῖν

42 1080 69 1130 είς
83 1076 171 1137 μνημην·
193 1076 215 1122 τό
233 1077 255 1122 δέ
273 1077 329 1137 ἀχρις
346 1072 371 1122 οὗ
388 1082 485 1138 μοργοθῄ
501 1078 586 1137 Χριστός
600 1079 621 1123 ἐν
637 1076 694 1136 ὑμῖν,
715 1079 755 1123 ἐπί·

41 1161 99 1195 ιασιν
115 1151 153 1208 ἐχει
166 1155 202 1195 τοῦ
213 1149 307 1205 πόθους,
330 1149 429 1209 οὐδὲγὰρ
444 1149 520 1203 εἰδότος
535 1151 575 1196 ἐστί
585 1155 628 1196 ,ποῦ
644 1168 691 1196 ποτε
710 1150 755 1209 στη-
794 1167 796 1169 ·

43 1234 98 1268 σεται
113 1221 168 1284 αὐτῷ
181 1221 206 1266 τοί
221 1226 261 1267 τῶν
275 1220 359 1267 ἀθινείν.
762 1232 780 1260 15

84 1298 119 1350 W,
135 1300 168 1341 20.
198 1294 255 1353 Καλη
278 1295 299 1341 δὲ
320 1295 353 1340 καί
374 1293 385 1352 ἡ
407 1294 457 1354 πρός
477 1295 564 1348 ἐκείνους
583 1293 700 1353 ἀποστροφὴ
715 1300 755 1340 τεόν

42 1366 117 1426 λόγων·
138 1365 171 1413 θιά
188 1367 226 1425 γάρ
244 1366 325 1412 πόντων
344 1370 435 1425 φαείνεται
453 1366 463 1412 ό
483 1366 593 1420 ἀπόστολος
610 1365 650 1414 ἀπό
668 1372 702 1426 της
716 1370 756 1412 τῶν

42 1441 154 1498 γεγονότων
169 1438 229 1497 ὀργῆς
244 1445 330 1498 συνεχεῖς
344 1439 380 1492 τίς
393 1439 504 1497 μεταβολίις
513 1438 629 1496 δεχόμενος,
644 1440 676 1484 καί
686 1439 711 1484 τοί
720 1439 757 1496 μὲν

42 1510 93 1570 πρός
107 1511 192 1562 τούτους
207 1509 336 1568 ἀγανακτεῖν,
350 1510 375 1555 τό
390 1511 411 1555 δέ
425 1511 476 1567 πρός
491 1512 588 1566 ἐκείνους,
603 1510 626 1555 τό
641 1511 662 1555 δέ
676 1512 709 1555 καί
724 1509 757 1555 ἀλ-
824 1548 827 1560 ,,

42 1588 83 1642 γείν
98 1582 125 1637 τίς
140 1584 171 1629 ἐπί
184 1583 260 1636 τέκνοις
275 1582 398 1639 ἀπολωλόσι,
412 1585 445 1629 καί
461 1584 511 1637 όλως
526 1582 613 1642 ἀκριβῶς
627 1601 657 1635 τις
671 1582 784 1628 σκοποό-λῐΙ

43 1673 112 1713 μενος,
132 1655 209 1713 πολλὴν
227 1659 267 1700 ἰ’όοι
285 1655 311 1700 ίίν
328 1657 349 1700 ἐν
370 1662 411 1707 τοῖς
425 1655 568 1713 γεγραμμένοις
581 1659 622 1700 τῶν
635 1658 708 1700 παθῶν
721 1654 758 1713 τὴν

44 1725 161 1785 ἐναλλαγήν.

85 1803 120 1854 W,
136 1805 168 1844 θλ.
196 1798 326 1857 Ἀλληγορίαν
340 1798 419 1843 ἐκάλεσε
433 1798 470 1855 την
485 1798 506 1842 ἐκ
521 1798 650 1855 παραθέσεως
663 1803 704 1842 τῶν
721 1798 759 1856 ἤδη

43 1869 156 1929 γεγονότων
170 1868 220 1928 πρός
234 1869 259 1915 τοί
273 1868 364 1927 παρόντα
378 1867 492 1928 σύγκρισιν
515 1868 580 1926 ίίσπερ
594 1867 632 1926 γάρ
653 1882 726 1927 φησιν,
748 1868 759 1915 ὁ

43 1941 123 2000 Ἰσμαηλ
137 1940 187 1985 κακοί
202 1939 266 1999 σάρκα
280 1940 405 1998 γεγέννηται,
428 1939 491 1991 οὕτως
510 1940 543 1985 καί
562 1941 651 1986 ἐνταῦθα
670 1939 680 1986 ό
698 1939 785 1999 νόμοςλῦ

45 2013 92 2066 τοὺς
106 2012 140 2058 ἀπ’
160 2011 222 2057 αὐτόν
240 2010 333 2070 ἐβούλετο
351 2010 491 2056 πολιτεύεσθαι
506 2013 537 2056 καί
553 2011 590 2069 την
605 2013 682 2058 ἐκεῖθεν
697 2016 759 2058 δικαί-

46 2098 94 2132 ωσιν
112 2085 212 2144 δέχεσθαι,
234 2085 268 2130 καί
287 2083 352 2143 ὥσπερ
372 2082 383 2130 ό
401 2083 467 2130 Ἰσαὰκ
486 2083 537 2130 κατοί
555 2083 614 2144 χάριν
635 2085 757 2145 γεγέννηται,

45 2163 105 2204 τοῦτο
119 2158 157 2217 γάρ
172 2156 185 2216 ἡ
200 2159 306 2215 ἐπαγγελία
320 2161 354 2215 τῆς
369 2155 491 2208 ἀκολουθίας
504 2161 564 2202 τοῦτο
580 2158 709 2216 βουλομένης,
725 2159 758 2203 οίί-

46 2249 83 2284 τως
101 2231 134 2277 καί
152 2235 192 2276 τῶν
211 2228 262 2276 κατοί
277 2228 364 2287 Χριστόν
379 2227 389 2274 ό
405 2228 478 2281 σκοπός
493 2224 552 2282 οὗτος
566 2224 592 2287 ἦν
606 2231 640 2276 καί
653 2229 676 2275 τό
691 2229 757 2283 τίλος,

46 2308 134 2361 λυθῆναι
151 2303 187 2360 μὲν
200 2302 237 2347 τόν
253 2301 355 2351 θοίνατον,
376 2300 500 2351 ἀναστάντας
517 2301 539 2345 δὲ
554 2301 643 2352 όίπαντας
656 2301 704 2353 τούς
718 2302 786 2345 πρό-30

45 2391 93 2419 ποτε
107 2372 215 2432 γεγονότας
230 2372 352 2431 ἀνθρώπους
366 2372 387 2417 ἐν
402 2369 497 2431 ἀθανάτῳ
512 2369 588 2428 θιάγειν
601 2376 626 2431 τῇ
640 2370 708 2429 φύσει,
723 2392 759 2432 μη-

92 2528 108 2556 u.
121 2522 139 2555 C.
152 2521 178 2556 ur.
191 2532 206 2565 ρ,
219 2522 245 2554 61.
258 2519 294 2564 (Θ.)
306 2513 314 2528 '‘
326 2521 362 2559 λλος
375 2516 424 2563 φησί’
448 2525 462 2552 ε.
475 2518 506 2551 Ηίο
518 2520 577 2553 eadem
589 2520 645 2553 vulsus
657 2529 699 2564 quae
711 2521 760 2564 paulo

46 2583 119 2617 anuas
136 2581 340 2624 μωσιιιωιωαε.
370 2577 552 2622 κεστριιεο.
584 2580 645 2614 uus.
663 2582 760 2627 synesap.
789 2569 791 2572 ’

47 2643 73 2676 59,
85 2640 141 2675 πάντα
153 2641 225 2685 οἴχεται,
238 2639 295 2676 πάντα
307 2638 394 2685 ἀνῄρηται.
418 2648 443 2672 ει.
457 2640 474 2674 G.
487 2641 513 2675 Gr.
526 2649 542 2681 p.
554 2640 580 2673 67.
594 2639 614 2674 Θ,
628 2648 665 2674 -τε,
679 2642 696 2676 C.
710 2644 736 2677 Gr.
745 2654 761 2686 p.

47 2703 73 2736 68.
87 2701 107 2736 Θ,
131 2700 343 2745 κε.Ε.(]ε.ρ,λθ.(ίθ.)
366 2697 399 2733 Καί
411 2693 458 2738 ἀλλος
470 2694 488 2733 δὲ
501 2694 606 2743 ἀλληγορίαν,
619 2698 679 2743 φησίν·
704 2704 760 2738 κοῦ,

48 2765 84 2797 Cu:
102 2761 125 2806 μὴ
137 2759 244 2808 βουλομένης,
268 2764 314 2795 Hunc
327 2761 427 2802 scripturam
440 2769 460 2792 οο
473 2760 623 2798 defenderemus,
637 2763 680 2804 quod
694 2766 761 2797 catenae
807 2769 809 2772 ’

47 2825 133 2856 auctorem
146 2823 187 2855 ίιαεο
199 2822 305 2856 refutationis
317 2830 366 2855 causa
379 2821 499 2862 interposuisse
512 2822 579 2854 statuas.
603 2821 707 2864 Quamquam
720 2823 760 2854 haec

48 2883 91 2916 εειλίο
103 2883 144 2915 mihi
157 2882 223 2925 quidem
236 2882 317 2923 displicet.
