1723 3073
351 612 358 629 1

219 676 533 811 1111111111.

68 1180 118 1224 Cum
133 1183 153 1224 in
168 1182 345 1232 commentatione,
368 1195 427 1239 quam
448 1188 493 1225 ante
512 1180 549 1225 hos
569 1179 661 1223 undecim
677 1191 739 1221 annos

27 1264 52 1307 de
63 1265 164 1308 Theodori
173 1266 311 1324 Mopsuesteni
321 1260 362 1309 rita
376 1272 396 1309 et
410 1265 487 1322 scriptis
498 1265 562 1307 Halae
573 1263 635 1312 edidi,
651 1275 740 1304 1116111611

30 1364 80 1405 quae
96 1355 193 1393 restarent
209 1348 232 1392 de
248 1348 354 1393 Theodoro
370 1349 517 1406 disputaturum
532 1346 677 1405 significarem,
701 1359 741 1400 non

30 1433 72 1477 fore
93 1434 217 1483 existimavi,
240 1441 262 1478 ut
277 1433 335 1477 fidem
352 1434 417 1477 datam
432 1440 473 1477 tem
489 1433 522 1475 diu
536 1432 632 1476 fallerem.
662 1430 701 1475 Sed
720 1438 743 1474 ut

30 1518 51 1563 fit
66 1517 103 1562 alia
118 1533 150 1562 me
165 1518 204 1563 alio
220 1524 331 1562 traxerunt.
361 1518 387 1563 Et
407 1518 493 1577 primum
514 1516 594 1576 quidem
615 1531 659 1559 cum
682 1514 764 1574 paulos

29 1609 76 1659 post
90 1605 174 1660 patriam
190 1616 235 1644 cum
250 1602 341 1645 Helvetia
357 1609 510 1645 commutassem
525 1601 573 1644 novi
587 1600 675 1643 muneris
696 1599 744 1641 rati-

30 1700 79 1730 ones
94 1700 202 1744 rerumque
216 1686 362 1730 vicissitudines
377 1686 500 1736 effecerunt,
522 1691 545 1730 ut
562 1685 586 1729 ad
605 1685 642 1728 alia
658 1684 744 1726 animum

31 1768 163 1826 appellerem,
180 1769 251 1811 deinde
261 1784 310 1812 vero
321 1784 366 1812 cum
381 1769 430 1812 mihi
444 1769 543 1812 interdum
559 1769 631 1818 otium,
648 1782 688 1826 quo
698 1766 747 1809 nihil

32 1856 61 1894 est
81 1851 168 1901 11116111,
191 1852 283 1895 fecissem
303 1846 342 1895 alia
362 1852 427 1896 studia
442 1853 528 1895 animum
546 1853 587 1896 sive
606 1859 695 1895 erectum
711 1849 748 1894 ob-

31 1934 131 1978 lectarunt
151 1935 192 1979 sive
214 1935 311 1979 deiectum
331 1942 444 1980 erexerunt.
474 1936 513 1980 Sed
531 1936 578 1978 1111111
596 1935 622 1978 ad
641 1935 692 1979 alios
711 1934 748 1978 (lu-
756 1943 774 1972 1⁰

34 2020 127 2064 mestieae
141 2035 198 2064 meac
212 2020 254 2063 sire
265 2020 419 2072 delectationes,
435 2021 476 2064 sire
490 2020 639 2064 sollicitudines
672 2018 748 2074 Quam-

33 2118 94 2161 quam
114 2104 195 2162 scpcsui
216 2118 268 2162 quae
289 2104 397 2162 aliquando
420 2104 543 2162 depromam.
573 2105 605 2148 Ad
620 2104 748 2148 Theodorum

34 2194 56 2231 ut
69 2193 171 2237 revertur,
188 2202 290 2244 utinquam
306 2189 385 2245 quidem
397 2189 439 2231 eius
449 2203 532 2246 prorsus
542 2189 648 2230 immemor
658 2188 698 2237 fui,
714 2185 749 2229 sed
787 2192 788 2197 ’

34 2285 78 2314 cum
90 2271 177 2315 riderem
194 2271 300 2327 quotannis
315 2272 358 2314 fere
372 2286 425 2315 nora
440 2272 482 2314 cius
497 2272 608 2329 fragmenta
624 2285 649 2313 ex
663 2268 750 2313 tenebris

35 2354 59 2398 ad
79 2353 145 2398 lucem
165 2354 264 2413 protrahi,
288 2356 349 2400 satius
373 2354 434 2400 habui
451 2355 623 2415 opportunitatem
641 2353 777 2397 disserendirs

36 2439 131 2498 opperiri.
160 2440 218 2483 Nunc
229 2454 277 2484 vero
292 2446 371 2498 tempus
386 2456 429 2484 cssc
445 2441 530 2490 credidi,
547 2446 568 2483 ut
582 2440 668 2498 primum
684 2440 751 2483 omnia

24 2524 78 2567 ‘cius
93 2523 218 2582 fragruenta‚
235 2538 287 2582 qnae
301 2525 406 2583 hucusque
420 2524 522 2583 publicata
533 2531 588 2573 sunt,
605 2524 625 2566 in
635 2539 698 2568 nnrrm
709 2525 752 2568 col-

36 2607 121 2664 ligamus
137 2613 156 2651 et
171 2607 291 2665 digeramus.
321 2609 377 2651 Haec
393 2608 444 2652 euim
458 2614 598 2666 praeterquam
614 2602 673 2666 quod
687 2609 752 2652 direr-

36 2691 118 2735 sissimis
133 2691 153 2733 in
168 2690 237 2742 libris,
260 2707 347 2748 quorum
362 2692 426 2734 aditus
441 2707 481 2735 uon
496 2692 562 2735 nuiltis
577 2699 632 2749 patet
646 2693 751 2751 leguntur,
761 2704 779 2731 al

38 2773 81 2818 lieri
95 2775 122 2818 ita
137 2774 221 2832 poterit,
236 2780 259 2817 ut
274 2780 294 2819 et
307 2774 422 2819 aclulterinis
433 2775 519 2833 genuina
529 2774 606 2819 facilius
618 2775 753 2821 discernamus
