1773 3073
135 85 158 122 72
358 83 470 128 THEODORI
482 82 633 119 MOPSVESTENI

137 195 259 250 διακείμενα·
274 189 321 237 οῦδὲ
334 187 373 247 γάρ
388 187 414 233 ίίν
429 187 574 247 εύφραίνοιντο
585 187 642 247 ἡμῶν
657 186 798 246 ἀφισταμένων
817 191 851 244 της

137 269 177 310 τάν
186 258 373 317 ἀτόπωνπράξεως,
389 261 405 303 εί
419 259 446 317 μὴ
461 261 495 305 καί
508 259 575 318 λύπην
589 259 660 313 αύταῖς
675 260 734 304 ἐκίνει
747 256 771 302 τό
785 257 851 314 μένειν

136 334 187 393 ἡμᾶς
202 331 230 378 ἐπ’
245 332 329 376 ἐκείνων.
360 331 419 376 Ούτω
438 331 463 390 δη
482 330 563 390 γνώμης
585 332 665 391 ἐχουσαι
684 331 728 387 περὶ
742 328 804 388 ἡμεῖς,
826 328 852 383 τίς

136 406 170 450 ἀπε
189 402 213 460 δὴ
233 405 306 447 οίκεῖον
325 407 376 458 ξῦον
393 404 426 448 καί
446 403 539 461 συγγενὲς
559 404 639 456 αὐτοῖς,
661 402 720 462 ηνίκα
739 400 852 459 γεγονύςδ

110 474 196 532 εἈδάμ
210 473 289 529 ἐδέξατο
304 480 341 521 τοῦ
355 479 407 522 θεοῦ
420 475 444 522 τό
460 477 567 534 ἐπίταγμα,
590 475 642 534 ὁμοῦ
656 476 736 521 κάκεῖνο
752 472 851 530 ἀκούσας,

136 546 163 601 τίς
177 546 270 605 παραβάς
280 546 426 604 ἀποθανεῖται,
441 548 540 594 ἐσκόπουν
556 549 631 607 ἥντινα
640 548 680 606 ἀρα
694 547 718 593 τίι
732 545 775 592 κατ’
791 545 853 591 αῦτόν

135 620 172 679 τὴν
187 619 268 677 ἔκβασιν
284 618 379 677 λήψεται·
401 622 434 666 καί
450 620 516 678 ἐπειδὴ
531 619 624 678 παραβάς
638 618 713 677 θνητός
728 618 805 674 ἐγένετο
820 617 853 663 διδ

136 696 170 749 της
187 689 317 747 ἀποφύσεως,
340 691 442 750 ἐχωρίζετό
460 710 480 736 τε
500 690 527 743 ιδς
548 690 601 743 είκός
614 689 627 749 ἡ
642 689 695 748 ψυχίχ
710 693 747 734 τοῦ
762 687 853 746 σώματος

135 764 168 807 καί
188 760 199 807 δ
220 755 342 820 μηχανηθείς
361 763 394 807 διοί
413 767 450 808 τοῦ
468 761 579 820 ἀνθρώπου
600 760 710 819 σύνδεσμος
724 765 759 818 της
773 762 854 813 κτίσεως

108 833 235 885 ἰοδιελύετο,
251 832 315 895 τούτῳ
330 839 358 897 τῷ
372 834 440 896 τρόπῳ
455 832 612 893 ἐσκυθρώπαζον
627 837 648 879 αί
661 835 730 892 νοηταί
742 832 813 893 φύσεις
823 834 854 878 ἐπί

136 914 178 960 τοῖς
193 906 329 965 γιγνομένοις,
344 909 389 968 περί
404 907 456 967 ἡμᾶς
470 925 490 953 τε
506 906 543 953 οῦκ
558 906 611 966 είχον
626 909 714 963 οίκείως,
734 905 761 960 ιδς
775 905 801 952 ἀν
815 924 854 952 τοι-

139 980 205 1025 ούτων
219 979 332 1037 γεγονότων
347 982 422 1032 αἰτίους
437 985 514 1025 κακοῖν·
534 978 560 1032 τίς
575 980 597 1024 δέ
611 981 644 1024 καί
658 983 695 1024 τοῦ
709 977 784 1038 χρόνου
799 987 854 1036 προῖ-

138 1051 197 1103 όντος
212 1054 232 1095 οί
244 1054 331 1109 καθεξῆς
341 1051 447 1109 ἀνθρωποι
457 1050 553 1108 μειζόνως
563 1052 595 1096 ἐπί
603 1050 626 1095 τό
636 1056 703 1109 χεῖρον
713 1052 856 1110 προβαίνοντες

139 1123 260 1179 ἐπέσφιγγον
274 1123 352 1175 ἑαυτοῖς
366 1127 403 1167 τοῦ
417 1122 510 1167 θανάτου
524 1122 561 1180 την
576 1122 691 1180 ἀπόφασιν,
705 1123 771 1167 πάντα
785 1122 821 1179 μέν
830 1122 856 1167 τοί

114 1192 184 1243 ιεκαθ
199 1192 251 1250 ημάς
266 1193 416 1250 ἀπεγίνωσκον,
438 1199 505 1251 μεῖζον
524 1195 545 1238 δέ
563 1194 610 1238 καθ’
628 1193 685 1252 ἡμῶν
700 1193 818 1253 ἀνεδέχοντο
832 1194 855 1239 τῦ

140 1273 207 1322 μῖσος·
230 1265 279 1309 ὅθεν
299 1264 346 1310 οὐδὲ
363 1264 456 1324 πριίττειν
472 1263 524 1322 ύπέρ
541 1263 598 1323 ημῦν
613 1264 722 1324 ἐβούλοντό
735 1283 755 1311 τι
773 1265 855 1323 λοιπόν,

139 1343 199 1384 τοῦτο
218 1337 254 1395 μέν
272 1336 299 1390 τίς
319 1337 436 1396 ἀλλοτρίους
455 1339 532 1383 ἐαυτοῖν
553 1337 737 1397 ἀποστρεφόμενοι,
759 1340 856 1384 τοῦτοδὲ

141 1410 168 1462 ὡς
183 1409 268 1467 ἐχθρούς
282 1414 319 1454 τοῦ
334 1414 385 1454 θεοῦ
400 1408 551 1468 μυσαττόμενοι.
583 1413 608 1453 Τί
622 1405 660 1455 οῦν
675 1411 706 1455 ἐπί
720 1409 800 1463 τούτοις
817 1411 856 1468 ἐγί-

140 1500 194 1534 νετο;
210 1483 282 1541 ἐφησεν
298 1481 366 1535 αὐτοῖς
380 1480 391 1527 δ
406 1481 485 1539 κύριος,
501 1481 528 1534 ῦς
542 1482 620 1540 ποιησει
633 1482 670 1541 τὴν
684 1481 731 1528 καθ’
741 1481 793 1541 ἡμεῖς
803 1483 857 1542 διόρ-

116 1562 215 1605 ςηθωσιν,
238 1552 350 1611 ἀναστήσας
368 1571 388 1598 τε
406 1552 458 1611 ἡμᾶς
476 1555 509 1598 καί
528 1554 644 1606 ἀθανάτους
662 1554 808 1611 ἐργασόμενος,
830 1554 857 1606 ὥς

142 1624 210 1684 μηαίτι
224 1625 334 1670 δεδοικέναι
349 1626 446 1683 μηδεμίαν
460 1623 520 1670 πόλιν
534 1625 647 1683 μεταβολὴν
661 1626 693 1671 καί
708 1625 801 1672 διοίλυσιν
820 1631 856 1671 τοῦ

141 1701 212 1743 κοινοῦ
232 1697 344 1754 συνδέσμου
363 1701 398 1754 τῆς
416 1699 501 1749 κτίσεως,
534 1696 614 1755 Ταύτην
633 1696 737 1755 δεξάμενοι
756 1697 793 1756 τὴν
806 1696 858 1743 ῦαό-

143 1782 209 1828 σχεσιν
219 1768 338 1827 ηύθύμονν,
353 1768 453 1826 μαθόντες
464 1767 490 1821 ῦς
504 1767 516 1826 ἡ
532 1771 577 1814 θεία
591 1768 648 1827 χάρις
662 1773 702 1813 ταῖν
716 1768 765 1828 ημῖν
779 1770 858 1815 ἐπταισ-

142 1842 208 1899 μένων
222 1839 325 1899 ποιησεται
338 1841 375 1899 τὴν
389 1840 500 1897 διόρθωσιν
514 1843 546 1886 καί
562 1844 664 1902 φιλοτιμίᾳ
674 1841 741 1887 ποίντα
750 1840 798 1900 ἡμῖν
809 1840 858 1887 ἀπο-

116 1935 135 1963 οε
143 1912 210 1969 δύσει,
225 1907 253 1958 ἀν
267 1912 322 1971 ἡμεῖς
338 1911 421 1965 ἐαυτοῦς
434 1912 467 1958 διίι
477 1916 590 1972 μοχθηρίαν
601 1912 761 1973 ἀπεστερησαμεν
770 1913 856 1974 τρόπον,

142 1988 174 2031 καί
190 1993 245 2044 μενεῖ
261 1986 297 2042 μὲν
314 1984 325 2029 δ
339 1984 431 2030 καθόλου
446 1985 557 2042 σύνδεσμος
572 1984 663 2030 διοίλυσιν
678 1985 774 2045 ούδεμίαν
795 1988 859 2033 ἐπιδε-

142 2058 226 2118 χόμενος
244 2062 280 2102 τοῦ
301 2061 383 2108 λοιποῦ,
405 2064 459 2115 μενεῖ
478 2058 499 2102 δέ
518 2057 616 2116 ἀῤῥηκτος
635 2060 668 2103 καὶ
686 2063 711 2118 τῇ
728 2062 789 2104 κτίσει
808 2058 858 2119 πρός

143 2130 217 2188 ἑαυτὴν
231 2128 243 2188 ἡ
259 2132 327 2187 φιλία·
343 2131 437 2174 ἐντεῦθεν
451 2131 483 2173 καί
498 2131 591 2186 νιράττειν
606 2128 745 2189 ἀπανταύπέρ
754 2129 811 2188 ἡμῶν
821 2130 859 2176 οῦκ

142 2204 232 2257 όίκνοον,
250 2204 337 2260 καίτοιγε
352 2203 374 2247 ἐν
388 2209 430 2255 τοῖς
443 2204 530 2261 χείροσιν
546 2202 699 2261 ἐξεταζομένων,
721 2208 745 2264 τῇ
759 2208 799 2249 τιῦν
814 2209 858 2262 μελ-

116 2296 135 2323 οο
142 2275 219 2322 λύντων
229 2277 293 2321 ἐλπίδι
304 2274 337 2321 διά
347 2274 384 2332 την
394 2279 430 2320 τοῦ
440 2279 491 2319 θεοῦ
502 2276 621 2332 ἐπαγγελίαν
630 2274 770 2333 κρατούμενοι.
793 2281 858 2322 Τοῦτο

143 2344 180 2394 οῦν
194 2348 253 2406 λέγει,
278 2347 308 2393 ότι
326 2345 339 2406 η
353 2348 414 2400 κτίσις
428 2346 474 2404 τόγε
489 2346 519 2406 ἐφ’
534 2344 582 2406 ἡμῖν
596 2346 692 2400 πολίάκις
705 2347 728 2394 τί
744 2347 791 2394 καθ’
806 2347 858 2408 ἡμᾶς

188 2445 202 2468 1.
214 2437 266 2477 δρίος
285 2432 404 2478 εύφραίνοντο.
434 2443 459 2466 ιν.
471 2436 491 2469 V.
503 2433 533 2466 καί
543 2444 575 2466 om.
589 2444 603 2466 ο.
616 2435 672 2467 uram,
700 2442 725 2466 ιε,
737 2436 758 2468 V.
774 2435 823 2469 τοῦτο
841 2432 859 2469 δέ

143 2490 166 2534 τίς
177 2492 189 2530 ε’.
201 2507 214 2529 τ,
226 2495 245 2528 θ.
257 2504 325 2538 μυσαττ.
338 2496 355 2529 in
367 2496 412 2537 spic.
424 2504 458 2529 non
471 2494 552 2537 leguntur.
577 2501 603 2527 ει.
615 2493 705 2536 Sequentia
718 2504 734 2528 v.
746 2495 797 2529 hahet
808 2497 859 2529 etiam

143 2556 175 2589 sub
186 2557 254 2589 nomine
267 2555 286 2590 Θ.
299 2554 382 2599 ίίίονάχον
394 2566 408 2589 οΔ
420 2556 466 2590 Mon.
480 2555 501 2597 (ο,
514 2555 569 2590 Cram.
582 2566 598 2598 p.
611 2555 667 2597 λύθη,
686 2555 714 2588 sed
727 2565 746 2589 οε
758 2566 800 2599 quae
812 2567 859 2599 prae-

143 2617 205 2649 cedunt
217 2625 263 2648 more
275 2625 305 2649 suo
318 2617 410 2649 contraxit:
426 2610 496 2658 Ἕτερος
508 2610 527 2649 δέ
539 2614 591 2648 κτίσιν
602 2610 633 2657 μίν
644 2611 696 2657 λέγειν
707 2614 737 2649 τόν
749 2614 818 2650 Παῦλον
828 2615 859 2650 νῦν

144 2671 246 2720 ἀπεφηνατο
262 2674 293 2715 τδις
307 2671 416 2720 ἀφεστηκυίας
431 2678 468 2716 ταῖς
479 2671 555 2720 ἀψύχοις
566 2668 613 2714 ίίλατς
624 2671 655 2714 τίις
666 2674 743 2719 ταφείσας
754 2675 801 2720 παρὰ
815 2676 859 2710 θεοῦ

142 2734 174 2779 τὴν
185 2733 238 2768 κτίσιν
249 2731 321 2778 διέπειν,
334 2731 474 2779 ἀποκαραδοκίαν
487 2731 505 2769 δέ
516 2733 548 2779 τὴν
560 2731 675 2768 ἀνελπιστίαα
686 2730 697 2779 ἡ
709 2736 761 2776 κτίσις
768 2733 800 2780 γάρ
812 2745 859 2781 φησι,

143 2790 256 2838 ἐπιμενόντων
268 2789 315 2837 ἡμῶν
326 2794 346 2840 τῇ
358 2793 409 2841 κακίφ
421 2794 449 2830 καί
461 2792 593 2839 ἐπιτφιγγόντων
605 2791 670 2835 ἑαυτοῖς
684 2796 715 2831 τοῦ
732 2793 812 2832 θωνάτοο
826 2795 858 2840 τὴν

143 2853 239 2900 ἀπόφασιν,
253 2850 290 2897 τόγε
306 2874 328 2888 -.
