1723 3073
234 121 255 156 IN
268 120 390 156 EPISTOLAM
402 119 551 157 An'ROMANOs.
729 115 751 152 53

34 226 98 284 Ἀδάμ
112 224 174 277 τύπος
189 229 229 270 τών
242 225 293 277 κατά
308 224 404 282 Χριστόν,
419 226 485 284 ἐπειδὴ
500 225 565 283 ώσπερ
581 223 604 270 δι’
621 224 698 270 ἐκείνου
712 227 752 268 τών

36 296 132 356 χειρόνων
148 295 159 356 ῆ
173 295 263 356 πάροδος
277 297 363 356 ἐγένετο,
385 297 437 343 οὕτω
452 298 485 344 διά
499 297 573 344 τούτου
587 301 622 357 τῆς
635 299 676 342 τών
690 312 753 355 κρειτ-

35 370 101 416 τόνων
113 368 245 423 ἀπολαύσεως
258 369 295 427 τὴν
310 368 404 428 ἀφορμὴν
418 369 533 428 ἐδεξάμεθα.

77 445 104 497 V,
120 448 151 487 15.
181 442 221 486 Καὶ
239 439 287 486 οὐδὲ
304 446 340 486 τοῦ
358 441 517 500 παραπτώματος
531 440 584 495 εἶδός
599 454 659 501 φησι,
675 444 754 487 τοσοῦ-

37 532 84 567 τον,
100 512 186 560 όσοντό
200 517 237 559 τού
251 514 382 573 χαρίσματος·
400 516 417 558 εί
430 513 469 571 γάρ
483 515 514 559 καί
529 513 542 573 ῆ
556 519 593 561 τού
607 513 652 568 ἑνός
667 512 753 574 άμαρτία
772 527 780 555 5

37 593 79 639 τοῖς
93 585 211 644 ἀνθρώποις
225 586 262 632 τόν
276 584 368 632 θάνατον
382 584 489 643 ἐκῆγαγεν,
505 585 545 631 ἀλλ’
556 581 594 632 οὖν
605 605 627 644 γε
641 585 653 645 ῆ
668 586 702 633 διά
716 591 754 632 τού

38 663 128 716 Χριστοῦ
143 658 207 716 δωρεά
223 660 293 716 μείζων
308 676 337 709 τις
351 652 395 713 περί
409 655 457 709 τούς
473 656 593 718 ἀνθρώπους
609 658 691 716 ἐγένετο,
711 658 754 703 εΤό

38 729 90 788 γάρ·
111 733 131 775 ολ
144 731 215 775 πολλοὶ
229 728 345 783 ἀπέθανον,
361 728 404 791 ἀντὶ
418 732 455 772 τού
469 727 541 780 πάντες
554 730 614 785 λέγει,
629 729 702 782 πάντες
715 730 754 788 γάρ

40 799 156 855 ἀπέθανον,
179 798 206 854 ώς
221 799 282 853 αὐτός
296 789 388 858 ἀνωτέρω
404 800 475 857 φησίν·
497 803 525 853 είς
543 799 618 853 πάντας
632 800 755 860 ἀνθρώπους

41 876 124 930 διῆλθεν
139 870 260 932 ἀθάνατος.
290 875 360 929 Δῆλον
381 871 402 915 δέ
421 871 451 915 ότι
466 871 498 916 τό·
520 873 553 917 καί
567 875 594 925 εἰς
607 873 655 926 τούς
668 873 782 925 πολλοάςιο

42 946 189 1005 ἐπερίσσευσεν,
205 942 278 1002 ὁμοίως
293 942 337 988 ἀντί
351 947 387 988 τού
402 946 429 996 είς
442 943 519 997 πάντας
533 944 593 1002 λέγει·
607 944 664 1004 κοινῆ
674 945 713 1004 γάρ
723 947 756 991 καὶ

44 1016 57 1075 ἡ
71 1020 106 1074 τῆς
121 1015 247 1068 ἀναστάσεως
260 1015 325 1073 χάρις,
341 1013 435 1061 ἁπάντων
450 1014 585 1072 ἀνισταμένων
600 1015 678 1074 ὁμοίως.

82 1091 109 1140 V,
126 1093 156 1134 16.
186 1090 244 1145 Μίαν
259 1085 334 1145 ταύτην
349 1089 414 1131 αἰτίαν
428 1085 480 1144 λέγει
493 1091 528 1146 τῆς
543 1089 652 1146 διαφοράς
668 1088 708 1133 ἐκεῖ
720 1089 757 1145 μέν

42 1158 82 1218 γάρ
93 1171 165 1218 φησιν,
181 1157 208 1212 εἷς
222 1157 340 1217 ῆμαρτηκώς
354 1159 387 1204 καί
400 1160 528 1217 κατακριθείς
542 1159 575 1204 διά
589 1164 657 1216 τούτο,
672 1163 700 1212 είς
709 1160 757 1212 τούς

43 1231 87 1288 ἑξῆς
103 1230 140 1289 τῆν
158 1233 255 1288 τιμωρίαν
274 1231 379 1289 ἐνεχθῆναι
394 1228 538 1289 παρεσκεύασε,
557 1230 632 1284 πάντας
646 1231 783 1283 κοινωνούςεε

42 1307 78 1361 τῆς
99 1301 220 1361 ἀποφάσεως
240 1301 325 1360 ἐσχηκώς
343 1306 380 1347 τού
399 1302 497 1347 θανάτου.
524 1300 551 1347 Ἡ
568 1302 590 1348 δέ
608 1320 630 1360 γε
649 1302 705 1361 χάρις
722 1302 759 1360 ούχ

45 1374 130 1434 ὁμοίως·
152 1374 177 1420 ού
194 1373 234 1433 γάρ
253 1372 286 1432 ἀφ’
302 1372 347 1427 ἐνὸς
361 1371 427 1432 ώσπερ
442 1374 473 1418 ἐπὶ
487 1377 523 1419 τού
536 1373 598 1432 Ἀδάμ
613 1377 640 1428 είς
654 1375 701 1427 τούς
716 1375 760 1433 ἑξῆς

45 1447 153 1506 ἐλήλυθεν,
169 1445 218 1492 ἀλλά
233 1449 313 1491 πολλῶν
328 1445 393 1490 όντων
407 1448 447 1491 τών
460 1445 500 1505 ἤδη
514 1446 696 1505 κατακεκριμένων,
714 1447 760 1493 σύν-

44 1537 106 1577 τομον
124 1522 151 1571 είς
169 1536 190 1563 τε
207 1516 255 1570 τούς
269 1517 367 1575 πρότερον
381 1518 414 1562 καὶ
429 1520 456 1570 εἰς
470 1517 519 1571 τούς
533 1519 576 1576 ἑξῆς
591 1517 713 1577 ἀνθρώπους
726 1522 762 1577 τῆς

45 1594 121 1650 δωρεάς
141 1587 248 1648 ἐποιήσατο
267 1589 304 1647 τῆν
318 1587 443 1643 έξάπλωσιν·
466 1588 519 1635 ἐστιν
540 1584 577 1635 ούν
595 1592 665 1648 μείζων
683 1577 788 1652 πολλῷ,ιο

47 1667 101 1722 είκερ
116 1663 179 1707 ἐκεῖνο
194 1661 230 1719 μέν
245 1661 340 1718 ἐξέλαμψε
354 1660 402 1713 τοδς
421 1661 473 1719 ἑξῆς,
494 1665 555 1706 τοῦτο
574 1662 596 1706 δὲ
615 1661 640 1708 ον’
657 1662 705 1715 τούς
719 1663 763 1721 ἑξῆς

47 1734 111 1792 μόνον
126 1734 239 1790 ἀμέλησεν,
260 1731 311 1776 ἀλλά
325 1732 364 1789 γάρ
378 1733 411 1776 καί
425 1732 474 1785 τούς
488 1733 635 1791 προειληφότας
650 1734 706 1779 έλνσε
723 1739 763 1779 τών

48 1806 181 1864 ἐγκλημάτων.

89 1881 119 1930 V,
137 1883 169 1922 17.
195 1876 239 1921 Ἔτι
253 1876 293 1935 μην
307 1876 387 1922 κάκεῖνο
402 1878 451 1934 φησί
465 1875 542 1935 πολλῆν
556 1878 656 1922 δείκνυσιν
670 1877 707 1936 τὴν
722 1880 765 1923 δια-

50 1948 128 2010 φοράν,
144 1948 175 1994 ότι
189 1949 229 1995 ἐκεῖ
242 1949 278 2007 μέν
293 1946 304 1993 ό
318 1948 407 2002 θάνατος
421 1950 519 2007 εἰσαχθεὶς
533 1952 557 2009 τῆ
571 1953 608 1995 τού
621 1949 683 2009 Ἀδάμ
702 1949 791 2010 άμαρ-τε

49 2025 81 2084 τίητ
95 2023 127 2068 καί
142 2020 242 2080 κρατῆσας
256 2021 287 2067 ἐπί
299 2024 341 2066 τών
356 2020 481 2081 ἀνθρώπων,
497 2021 575 2076 ἐδέξατο
590 2020 659 2067 λύσιν·
681 2021 693 2082 ῆ
703 2023 730 2070 ’δέ
743 2040 765 2082 γε

51 2100 86 2154 τῆς
100 2098 176 2154 δωρεάς
190 2094 301 2147 ἀπόλαυσις
316 2094 349 2139 διά
363 2098 400 2139 τού
411 2098 499 2154 Χριστοῦ
513 2101 660 2153 προσγεγοννλα
669 2093 725 2153 ῆμίν,
741 2094 764 2141 δι’

51 2167 77 2225 ἣν
91 2168 124 2212 καὶ
138 2170 173 2224 τῆς
188 2166 314 2218 ἀναστάσεως
328 2164 440 2223 τευξόμεθα
456 2168 489 2211 καί
506 2167 528 2212 ἐν
545 2166 664 2227 δικαιοσύνη
681 2167 766 2212 διατελέ-
793 2170 795 2172 ’

51 2250 112 2298 σομεν
126 2237 222 2297 ἀμαρτεῖν
237 2237 274 2284 οὐκ
289 2237 436 2297 ἐπιδεχόμενοι,
451 2237 509 2284 λύσιν
524 2238 548 2284 ού
563 2239 646 2294 δέξεται
661 2242 766 2296 διαμενοῦ-

51 2328 87 2369 μεν
101 2309 140 2369 γάρ
154 2312 189 2368 τῆς
203 2309 313 2367 μελλούσης
329 2314 378 2366 ζωῆς
393 2313 487 2367 διηνεκῶς
501 2309 642 2363 ἀπολαύοντες.
774 2330 793 2357 ιο

94 2385 120 2438 V,
137 2387 168 2428 18.
196 2380 327 2439 ’ἀρκούντως-
342 2382 363 2427 ἐν
384 2387 426 2434 τοῖς
446 2382 583 2439 προκειμένοις
603 2382 640 2439 τῆν
666 2382 768 2440 διαφοράν

53 2456 118 2514 δείξας
132 2457 173 2499 τών
182 2451 313 2512 πραγμάτων,
329 2455 462 2511 σολλογίζεται
477 2453 566 2498 ἐνταῦθα
580 2452 603 2498 τό
617 2457 658 2498 κάν
671 2452 722 2510 πρός
736 2454 768 2500 ιδ’

53 2526 86 2574 διά
101 2530 160 2572 τούτο
176 2525 241 2585 ώσκερ
254 2524 278 2571 δι’
289 2524 334 2578 ένός
348 2523 460 2585 ἀνθρώπου
473 2523 486 2584 ἡ
501 2522 587 2584 ἀμορτία
601 2527 628 2579 είς
641 2525 678 2572 τόν
692 2525 769 2586 κόσμον

54 2603 143 2658 εἰσῆλθε,
165 2603 228 2643 ταύτα
248 2597 357 2650 ἀποδιδούς
375 2600 407 2643 καί
427 2597 499 2655 λέγων,
520 2596 550 2643 ότι
564 2598 661 2644 δέδεικται
676 2600 710 2646 διά
724 2600 769 2647 τού-

100 2780 115 2807 ι.
128 2771 334 2815 Spio.,c.c1=am.p.48.
359 2770 533 2813 5.5μίο.;τοιούτον.
558 2771 672 2806 ambriae.
696 2775 769 2815 uspi-

57 2832 92 2873 οἰκ,
109 2840 122 2864 ο.
136 2831 189 2865 Eram.
203 2838 219 2871 p.
232 2828 258 2862 50.
283 2836 308 2863 τε,
322 2831 340 2864 V.
351 2839 369 2872 γε
381 2838 414 2862 om.
426 2828 442 2861 in
455 2832 487 2862 cat.
500 2830 554 2865 Ωιταε.
578 2837 602 2864 εκ,
615 2832 670 2867 Libri:
686 2833 770 2878 προσειλη-

57 2888 116 2932 φότας,
142 2899 172 2925 τιΙῚ
181 2890 235 2933 θρίω,
248 2900 261 2923 ο.
275 2891 328 2925 cram.
341 2901 356 2932 p.
369 2890 395 2923 50.
421 2897 447 2926 ιι.
461 2890 527 2932 spicil..
540 2901 553 2925 ο.
566 2891 621 2927 Cram.
630 2903 649 2935 ηι.
661 2892 687 2925 52.
