1723 3073
204 164 226 197 IN
240 164 363 200 EPISTULAM
375 167 382 198 Ι
394 166 423 199 ΑΙ)
436 166 574 203 ΤΙλΙΟΤΗΕΙίΙΙ.
705 181 706 184 “
731 163 762 200 153

88 271 124 322 ΙΙΙ,
142 273 173 313 13.
201 267 277 312 Ἐκεῖνο
287 269 308 312 δέ
317 276 437 328 προσθεῖναι
447 271 503 324 άξιου
514 272 544 317 ότι
558 272 585 331 μὴ
600 274 630 317 δεῖ
644 270 762 329 θαυμάζειν,

21 374 25 383 ι
48 342 64 384 εί
78 339 126 398 μήτε
140 338 282 385 ῦπαδιακόναιν
297 341 395 400 ἐμνήσθη,
411 343 458 401 μήτε
473 343 618 401 άναγναιστῶν·
633 348 674 390 τῶν
687 343 726 401 γάρ
742 344 763 389 ἐν

47 416 71 472 τῇ
85 416 121 470 της
136 413 238 469 ἐκκλησίας
248 416 358 475 λειτουργίᾳ
368 418 454 473 βαθμῶν
468 416 542 471 έξωθεν
557 421 633 475 μάλλον
648 412 704 462 οῦτοί
719 418 762 471 είσι,
781 463 786 467 ,

48 485 81 530 διά
95 484 132 541 τὴν
146 486 213 542 χρείαν
229 485 366 543 έπινοηθέντες
380 487 472 546 ὕστερον,
487 488 513 547 ἣν
527 489 561 534 διά
575 490 598 535 τδ
610 495 650 536 τῶν
659 502 762 536 πεπιστευ-

47 558 112 603 κότων
126 560 204 615 πλῆθος
218 558 289 603 λοιπόν
304 558 327 604 δι’
342 559 413 619 ἐτέρων
427 566 555 619 πληροῦσθαι
569 561 697 622 ἠναγκάσθη·
713 561 763 608 ὅθεν
781 578 788 605 ε

49 630 97 676 οὐδὲ
111 628 225 686 νενόμισται
236 630 310 683 αῦτοός
325 632 363 688 πρὸ
378 637 414 677 τοῦ
428 636 573 691 θυσιαστηρίου
588 634 624 693 τὴν
639 638 762 693 χειροτονίαν

50 702 152 759 δέχεσθαι,
169 701 210 744 ἐπεί
224 701 273 758 μηδέ
288 701 341 763 αὐτῷ
355 701 501 761 ῦπηρετυῦνται
515 709 543 765 τῷ
557 709 665 768 μυστηρίῳ,
686 705 727 751 άλλ’
743 709 763 750 οἱ

49 775 86 832 μέν
100 773 137 830 τίχν
152 771 266 829 ἀνάγνωσιν
281 774 401 827 ἐκτελοῦσιν,
423 778 442 820 οί
456 776 477 821 δέ
492 777 550 822 ένδον
563 778 587 823 τά
601 778 651 837 πρὸς
667 778 703 836 την
722 783 762 823 τῶν

50 845 150 892 διατόναια
170 842 280 903 ὑπηρεσίαν
299 845 457 905 εῦτρεπίζουσιν,
477 848 612 907 ἐπιμελόμενοι
628 853 661 896 καί
677 855 717 897 τῶν
732 852 763 896 έκ-

49 921 194 976 κλησιαστικῶν
209 916 288 975 ιγῶταιν.
771 942 789 969 10

91 994 129 1044 111,
146 995 177 1034 15.
205 988 319 1047 Έκκλησίας
339 990 364 1035 οῦ
378 992 426 1044 τοῦς
441 996 507 1045 οίκους
521 994 572 1050 λέγει
586 995 634 1047 τοῦς
648 994 763 1053 εῦκτηρίονς

49 1062 100 1107 κατά
114 1062 150 1120 τὴν
164 1066 204 1106 τῶν
218 1067 297 1107 πολλῶν
312 1063 433 1121 συνηθειαν,
454 1064 503 1109 άλλά
520 1070 559 1110 τῶν
579 1071 654 1111 πιστῶν
668 1066 703 1110 τόν
718 1065 763 1110 σάλ-

51 1142 120 1192 λογον,
143 1133 192 1179 όθευ
211 1136 244 1179 καί
264 1135 337 1180 στῦλον
357 1134 419 1193 αὐτὴν
438 1139 471 1181 καί
492 1138 591 1194 ἑδραίωμα
610 1142 645 1195 τῆς
670 1136 764 1195 ἀληθείας

52 1205 153 1259 ἐκάλεσεν,
174 1204 201 1259 ῶς
216 1205 242 1252 άν
257 1207 278 1252 έν
292 1205 343 1267 αῦτη
357 1211 391 1266 τῆς
406 1206 500 1266 άληθείας
513 1208 550 1268 την
565 1207 660 1255 σύστασιν
675 1207 763 1267 ἐχούσης,

94 1283 128 1335 IV,
145 1285 176 1326 13.
205 1282 343 1325 Λιδασκαλίαν
358 1282 405 1338 φησί
420 1280 457 1338 την
472 1280 572 1328 άπόλυτον
587 1281 686 1340 ἐξήγησιν,
701 1282 763 1337 παρά·
773 1299 790 1328 ιε

51 1357 120 1410 κλησιν
136 1352 157 1396 δέ
170 1351 207 1409 τὴν
222 1350 261 1396 ιίπό
274 1356 334 1396 τινῶν
348 1352 500 1410 συμβεβηκότων
509 1356 619 1398 νουθεσίαν
634 1371 654 1398 τε
668 1356 702 1399 καί
715 1353 765 1400 ῦπό·

52 1437 132 1482 μνησιν,
155 1424 180 1482 ἣν
201 1424 263 1468 ἐνίοτε
282 1424 318 1481 μέν
338 1425 370 1469 καί
389 1426 419 1469 ἐπὶ
439 1430 475 1470 τοῦ
489 1430 559 1470 κοινοῦ
572 1419 665 1483 γίνεσθαι
680 1425 765 1484 άνάγκη,

53 1499 136 1554 μαλίστα
150 1496 172 1540 δέ
186 1497 219 1540 καί
235 1497 256 1540 ἐν
270 1504 313 1548 ταῖς
327 1496 377 1553 πρός
391 1496 427 1541 τόν
441 1496 487 1542 καθ’
503 1497 538 1542 ἕνα
554 1497 655 1551 διαλέξεσι.

94 1571 129 1623 IV,
147 1573 177 1614 Ιί.
202 1568 232 1613 Ἣ
246 1570 278 1613 καί
296 1568 332 1614 τόν
350 1573 389 1614 τῶν
408 1561 525 1615 άποστόλαιν
544 1569 642 1627 σύλλογον
660 1571 729 1628 φησίν,
749 1573 767 1615 οἳ

54 1639 154 1700 συνῄεσάν
171 1658 192 1685 τε
210 1640 264 1702 αὐτῷ
282 1643 314 1685 καί
330 1640 481 1699 συνεφηπτοντο
496 1640 523 1694 ῶς
538 1641 590 1694 είκδς
604 1643 717 1703 ποιουμένῳ
731 1642 793 1699 τέχναν

54 1713 82 1759 ἐπ7
97 1713 152 1774 αὐτῷ
166 1714 300 1770 χειροτονίαν,
322 1713 464 1771 πρεσβυτέριον
484 1712 533 1759 αῦτδ
554 1713 655 1771 ὀνομάσας
673 1713 712 1759 άπδ
731 1719 767 1759 τοῦ

54 1787 147 1842 ἐντίμου1
168 1788 229 1829 τοῦτο
247 1784 268 1829 δέ
283 1786 315 1829 καί
329 1788 368 1829 νῦν
383 1785 430 1836 ἐθος
445 1786 466 1830 έν
480 1792 523 1837 ταῖς
537 1789 576 1830 τῶν
591 1785 704 1831 έπισκόπαιν
717 1788 767 1843 γίνε-

54 1864 103 1903 σθαι
117 1861 234 1916 προβολαίς,
254 1856 277 1901 τό
292 1857 319 1915 μη
333 1856 367 1915 ὑφ’
383 1857 436 1909 ἐνὸς,
457 1856 498 1903 ἀλλ’
513 1856 553 1903 ῦπό
568 1857 667 1904 πλειόναιν
680 1859 716 1912 τάς
730 1876 768 1904 τοι-

55 1929 117 1981 αότας
131 1930 153 1973 ἐν
167 1933 191 1987 τῇ
206 1929 298 1988 ἐκκλησίᾳ
312 1931 435 1986 χειροτονίας
449 1934 582 1988 πληροῦσθαι.

95 2004 121 2056 V,
137 2005 155 2044 9.
185 1998 215 2043 Οῦ
229 2001 274 2057 περὶ
288 2003 328 2043 τῶν
343 2002 370 2051 είς
384 2002 488 2044 διακονίαν
502 2005 631 2059 προαχθῆναι
645 2000 796 2059 ὀφειλουσῶντε

55 2072 174 2129 διαλέγεται,
190 2070 240 2117 άλλά
254 2072 299 2128 περὶ
313 2075 352 2116 τῶν
367 2074 394 2123 είς
407 2071 430 2117 τό
445 2071 528 2131 χηρικόν
543 2073 706 2131 έγκαταλεγῆναι·
722 2073 770 2119 οῦδέ

54 2145 93 2203 γάρ
107 2143 173 2205 ἡλικίη
187 2147 227 2188 τῶν
241 2147 269 2196 είς
282 2147 356 2201 κλῆρον
371 2143 514 2201 προαγομέναν
529 2142 630 2202 ὁρίζεσθαι
644 2145 689 2203 χρὴ,
704 2145 769 2203 ῶσπερ

55 2216 102 2262 οῦδέ
121 2214 150 2261 ἐπ’
171 2214 234 2261 αῦτοῦ
255 2215 356 2272 Τιμοθέου
375 2213 386 2259 ό
406 2214 517 2268 άπόστολος
531 2221 590 2261 τοῦτο
607 2216 769 2275 παρεφυλάξατο,

55 2289 105 2336 άλλά
127 2293 150 2348 τῇ
170 2288 230 2349 άρετβ
251 2288 288 2347 τὴν
309 2290 427 2346 δοκιμασίαν
449 2291 603 2347 χαρακτηρίζειν,
631 2287 680 2333 Ἀλλ’
702 2288 769 2347 ἐπειδὴ

55 2364 185 2420 κατελέγοντο
200 2366 258 2420 χῆραι
273 2361 306 2406 διά
320 2360 343 2405 τό
358 2365 392 2419 της
407 2362 567 2419 έκκλησιαστικῆς
580 2362 688 2418 ἐπιμελείας
703 2360 796 2415 άξιοῦ-εα

56 2442 113 2489 σθαι,
134 2434 171 2480 οὐκ
186 2433 256 2492 αρετῆς
271 2434 366 2492 ἐπιθυμία
380 2433 417 2490 τὴν
431 2435 511 2490 χηρείαν
525 2436 638 2489 μετιοῦσαι,
660 2431 700 2477 άλλ
721 2432 770 2478 ῶστε

56 2593 73 2615 τε
85 2577 210 2626 ἐκκλησιαστικῇ
225 2579 317 2625 παραδόσει
333 2579 360 2614 καί
372 2578 434 2619 πάσαις
448 2581 484 2619 ταῖς
500 2577 588 2619 συνόδοις,
604 2577 646 2622 πρὸς
658 2573 669 2612 δέ
681 2578 771 2624 δυνήσεταί
808 2576 810 2578 ’

57 2654 81 2681 τις
93 2637 177 2675 ῦντειτιεῖν
189 2641 250 2685 καιροῦ
262 2640 356 2679 καλοῦντος,

103 2710 117 2735 ι.
129 2703 146 2736 C.
159 2702 185 2735 Cr.
197 2712 213 2744 ρ,
226 2703 252 2735 30.
266 2701 285 2736 Θ,
306 2710 319 2734 κ.
333 2702 377 2735 βακε
390 2694 438 2743 [ῦυδ]
452 2697 541 2734 διακόνιον.
561 2708 586 2733 11.
599 2700 617 2734 C.
631 2701 657 2734 Cr.
669 2711 685 2743 p.
698 2703 724 2736 31.
737 2699 770 2748 (Θ.)

53 2756 109 2801 ’Ἄλλος
125 2758 215 2804 δὲφησιυ·
240 2759 399 2802 1s.c.c1·.p.36‘
413 2758 433 2792 Θ.
458 2767 482 2792 τε.
495 2760 512 2794 G.
526 2760 551 2795 Gr.
564 2770 580 2800 ρ.
592 2760 618 2792 36.
632 2759 651 2794 Θ.
676 2763 771 2796 mer.

58 2834 73 2864 p.
86 2822 112 2857 39.
125 2818 160 2867 (Θ)
178 2818 212 2854 Καί
224 2814 274 2861 όίλλος
286 2819 343 2865 φησίν
362 2827 387 2852 26.
401 2815 496 2863 νΧηρικός,
509 2820 565 2853 Εθῐὶἒίι
577 2820 608 2861 ΑΙ).
621 2820 641 2859 3,
654 2822 669 2855 ί.
682 2822 698 2855 2.
711 2821 731 2859 8,
743 2821 769 2855 25,

57 2885 115 2920 Ἰτεικ,
132 2883 162 2917 Ch.
182 2882 212 2923 13,
228 2881 266 2916 592.
287 2882 377 2922 Elherling.
393 2881 444 2915 Mssa(
466 2880 544 2922 θιεγδκιι.
557 2881 607 2914 Thes.
620 2882 667 2923 kgr.
680 2882 706 2915 ed.
719 2882 770 2914 Lond*

59 2951 84 2977 τι.
99 2943 142 2978 βοαί
154 2936 216 2985 ἡλικία.
