1773 3073
149 84 181 122 106
228 126 229 129 Ἴ
367 85 478 120 THEODORI
494 85 642 123 MOPSVESTENI

148 194 260 241 ἀπέστειλεν
274 190 285 237 ό
300 190 348 243 θεός
364 190 400 236 τόν
415 191 502 249 Πέτρον,
522 192 555 250 έμέ
573 192 594 237 δέ
610 194 655 252 περὶ
673 192 710 252 τὴν
728 196 768 237 τῶν
787 196 863 238 λοιπῶν

149 267 246 325 ῶςοέλειαν
260 262 389 320 ἀσχολεῖσθαι
403 261 506 321 ἠβούλετο

189 338 236 390 XV
253 339 286 380 θλ.
319 333 347 379 Τό
358 333 397 380 ἀπό
408 333 510 393 μέρους
492 352 500 379 ε
503 350 546 380 ιπεν
561 333 588 388 ῶς
601 338 634 381 καί
650 331 711 388 αάθις
725 335 775 393 πρός
790 334 865 389 αύτούς

147 407 289 466 γενησόμενος,
307 407 385 465 ἐπείπερ
401 406 438 465 ούχ
453 406 504 460 δίπαξ
520 406 584 464 μόνον
599 412 626 461 είς
640 409 677 466 τὴν
690 407 793 466 Ρῶμην’
782 411 865 466 αφίκετο

126 477 157 524 εδ
172 477 270 535 μακόιριος
285 482 375 531 Παῶλος.

187 550 237 602 XV,
253 557 286 597 28.
315 554 356 597 Καὶ
375 552 537 640 σφρριχισάμενος
556 552 625 607 αύτολς
638 552 674 598 τόν
688 552 766 612 καρπόν
782 557 864 608 τούτου,

146 623 190 670 ἀντί
204 627 241 668 τού
255 624 362 710 πλιχρωσας
377 624 440 670 αύτόν
454 625 539 684 λέχει,ί
530 644 563 671 ινα
578 629 631 685 είπη
647 624 771 683 ἀποκομίσας
785 627 818 670 καί
833 628 864 670 δε-

146 695 227 750 δεινῶς
249 699 266 741 εί
283 696 323 755 χάρ
340 698 374 742 καί
392 702 416 757 τῆ
436 697 505 757 χυῶμη
499 702 564 754 χτῶν
583 697 699 744 δεδωκότων
718 698 820 750 τέλειος
809 694 864 757 ηνδ

145 769 230 826 καρπός,
252 767 303 814 ἀλλά
317 787 340 828 τη
356 772 411 830 χρείη
426 768 507 829 ἀτελὴς,
528 770 584 815 ούπω
602 771 743 828 δεξαμένων
730 765 758 815 ῶν
772 786 809 827 περ
825 772 864 815 ούυ

121 841 213 887 ινένεκεν
229 840 297 929 ἐδόθη
329 841 439 900 (θαυμαστὴ
454 844 490 900 μέν
506 838 543 888 ούν
557 862 569 901 η
584 843 697 929 πρόχνωσις
710 848 748 888 τού
765 845 865 929 μακαρίρν

147 913 241 965 Παύλου,
263 913 327 965 ούτως
348 914 434 972 ἀκριβῶς
451 913 591 972 ὑποσχομένου
610 915 633 960 τό
651 914 796 960 ἀπελεύσεσθαι
814 914 865 972 πρός

147 983 230 1038 αύτούς,
252 986 285 1029 καὶ
303 984 336 1029 ἀπ’
357 984 423 1030 αύτῶν
441 987 468 1037 εἰς
484 985 521 1043 τὴν
537 988 640 1041 λ’πανλαν,
662 988 695 1031 καί
710 990 769 1031 τούτο
785 985 823 1031 ούκ
837 988 865 1039 εἰς

146 1057 199 1111 ἀπαξ
215 1056 342 1115 έμφχίναντος
357 1057 447 1112 έσεσθαι,
463 1057 511 1115 όπερ
526 1054 564 1103 οάν
578 1058 601 1103 τό
615 1057 655 1104 ἀπὸ
670 1059 743 1117 μέρους
758 1057 864 1116 έμηυυσευ·

122 1139 123 1142 ’
146 1126 261 1188 ὑπερβολὴν
276 1129 298 1173 δέ
313 1129 350 1187 έχει
365 1128 471 1186 θαύματος
485 1128 514 1174 τδ
523 1129 573 1188 έξης.

121 1220 139 1248 ιι
188 1203 236 1252 XV,
252 1208 284 1248 29.
315 1205 391 1259 Σαφῶς
410 1204 511 1247 δείκνυσιν
530 1200 557 1254 ῶς
576 1204 609 1247 καί
626 1202 662 1248 τόν
675 1203 751 1262 τρόπον
769 1202 865 1260 ἠπίστατο

147 1272 193 1322 καθ’
208 1273 232 1319 δν
247 1273 326 1330 έμελλεν
342 1272 422 1318 ἀπιέναι
431 1273 482 1332 πρός
495 1273 580 1326 αὐτούς’
595 1279 655 1319 τοῦτο
670 1275 692 1319 δέ
706 1270 732 1332 ἦν
745 1274 768 1319 τό
783 1276 865 1332 δέσμιον

148 1345 211 1392 αύιδν
230 1343 269 1390 ἀπό
287 1349 322 1403 της
339 1344 438 1397 Ἰουδαίας
458 1348 485 1398 είς
504 1344 541 1403 τὴν
558 1344 636 1403 Ῥῶμηυ
650 1344 701 1404 ύπέρ
715 1351 751 1404 τῆς
766 1345 865 1405 εὐσεβείας

148 1417 246 1476 ἀχθῆναι·
267 1413 293 1475 ἦν
312 1418 334 1462 δὲ
351 1419 384 1462 καὶ
400 1421 460 1462 τούτο
478 1415 503 1462 ού
521 1416 593 1476 μικρὸν
607 1421 634 1470 είς
649 1417 751 1472 ἀπόδειξιν
765 1422 800 1476 της
813 1416 865 1476 χνῶ-

149 1502 207 1543 σεως,
221 1489 248 1547 ἣν
262 1491 306 1547 περὶ
320 1494 359 1533 τῶν
374 1488 486 1546 μελλόντων
501 1490 597 1548 έκέκιητο,

122 1579 142 1605 ιο
191 1563 240 1612 XV,
257 1567 290 1607 33.
317 1559 353 1613 Ὡς
368 1560 429 1612 αύτός
444 1561 465 1605 ἒν
479 1565 561 1613 πολλοῖς
576 1562 700 1616 έξετάζεσθαι
711 1561 787 1619 μέλλων
802 1560 866 1620 θορύ-

149 1637 202 1694 βοις,
217 1632 357 1693 παρακαλέσας
370 1650 391 1677 τε
402 1632 476 1685 αύτούς
486 1631 566 1686 εἰκότως
575 1634 608 1678 καί
620 1632 774 1692 προσεύχεσθαι,
790 1633 865 1679 τούτου

147 1724 170 1765 ηε
191 1707 257 1752 ένειιεν
276 1704 379 1763 ἐπεύχεται.
399 1706 480 1757 ἐκείνοις
499 1704 522 1749 τό
543 1709 577 1763 της
599 1704 678 1763 είρηνης
696 1705 806 1750 ἀπολαύειν
825 1706 864 1760 ἀεί,

149 1778 228 1830 δεικνύς
243 1776 272 1822 ότι
287 1775 326 1822 κάν
342 1775 402 1829 αύιδς
417 1778 438 1821 έυ
452 1775 531 1828 τούτοις
545 1775 596 1833 ύπέρ
614 1776 686 1835 ἑτέρων
705 1772 728 1836 ᾗ,
750 1777 798 1830 τούς
815 1781 866 1835 ηούν

149 1850 233 1902 λοιπούς
248 1848 296 1907 μετὰ
311 1847 375 1906 πόσης
390 1847 475 1900 ἀνέσεως
488 1847 525 1906 την
540 1847 642 1906 εὐσέβειαν
656 1849 743 1906 μεταίτιαι
755 1849 837 1907 εῶχεται,

123 1940 142 1966 ιι
191 1924 247 1977 XVI,
264 1927 296 1966 10,
320 1920 399 1965 Ἔοικεν
414 1915 473 1972 οὗτος
488 1918 539 1964 εἶναι
554 1915 579 1965 ού
593 1922 625 1965 καί
641 1921 663 1965 έν
677 1927 721 1973 ταῖς
737 1919 838 1979 Πράξεσιν
855 1919 866 1966 ὁ

148 1993 246 2054 μακάριος
255 1993 352 2052 μέμνηται
362 1995 454 2045 Λονκάς,
470 1989 497 2045 ῶς
513 1991 618 2050 ἐλλογίμου
630 1993 662 2037 καί
676 1991 716 2038 ἀπό
729 1997 763 2051 τῆς
775 1991 867 2050 ηνῶσεως

148 2071 188 2119 τῶν
198 2068 260 2114 θείων
270 2069 355 2125 μραφῶν
365 2065 483 2123 συνέχοντος
497 2063 544 2116 τούς
557 2063 668 2116 Ἰουδαίους
682 2065 704 2110 έν
718 2071 759 2117 τοῖς
774 2064 866 2123 έλέχχοις.

190 2140 249 2193 xvi,
267 2144 297 2185 18.
330 2136 357 2183 Τό
375 2137 411 2195 μὲν
430 2140 464 2194 της
484 2134 585 2194 εύλοχίας,
608 2139 642 2182 ἴνα
656 2139 701 2197 ε’ίπη
715 2141 750 2195 της
767 2135 867 2196 εύρημλας

149 2216 230 2273 καὶτῆς
244 2212 357 2262 κολακείας,
372 2208 398 2268 ἣν
413 2210 444 2254 ε’πί
459 2207 524 2267 ἀκόνη
539 2207 634 2260 πολλάκις
649 2209 765 2254 ἐποιοῦντο·
780 2210 830 2268 λέχει
846 2210 868 2254 δέ

123 2289 191 2346 ιοπερί
211 2290 251 2332 τῶν
271 2283 310 2330 ἀπό
322 2278 432 2328 Ἵουδαίων
451 2285 471 2325 οἳ
491 2278 616 2337 ἀπανταχόσε
633 2281 742 2338 περιϊόντες
759 2282 808 2335 τούς
827 2281 867 2327 ἀπὸ

151 2360 216 2404 ἐθνῶν
230 2355 362 2407 πιστεύοντας
376 2358 411 2412 τῆς
424 2356 509 2411 νομικῆς
524 2354 604 2410 έχεσθαι
618 2353 772 2411 παρατηρήσεως
789 2357 868 2399 πείθειν

152 2431 267 2491 ἐπειρῶντο,
288 2427 325 2480 οὓς
344 2425 448 2486 αύτόραως
467 2425 558 2481 διέσυρεν
576 2429 604 2486 τῶ
624 2426 685 2470 είπείν
705 2424 735 2469 ότι
756 2429 784 2487 τῶ
805 2429 868 2488 κυρίῳ

152 2501 208 2559 ἡμῶν
220 2502 285 2558 Ἰησοῦ
300 2503 380 2560 Χριστῷ
396 2498 420 2544 οὐ
436 2496 578 2548 δουλεύουσιν,
601 2496 651 2542 ἀλλά
665 2501 690 2555 τη
704 2497 781 2542 ἑαυτῶν
794 2500 868 2560 κοιλίη,

154 2577 171 2619 εί
184 2592 205 2632 ηε
219 2571 269 2632 δπέρ
283 2576 320 2618 τού
335 2571 453 2624 ἀπατῶντας
467 2569 571 2616 δύνασθαι
584 2569 622 2628 τὴν
636 2568 712 2614 έαντῶν
725 2570 869 2630 χαστέραπλη-

126 2671 146 2698 ης
154 2651 205 2704 ροῶν
214 2644 278 2691 πόνια
288 2649 387 2691 πεινῶσιν.
406 2644 495 2698 ’Ἐδειξευ
505 2643 526 2689 δέ
536 2641 575 2689 κάν
585 2641 649 2702 τούτῳ
659 2641 689 2686 ότι
699 2642 780 2704 σφόδρα
792 2644 870 2689 έπαιυεῑ

201 2813 214 2839 ε.
228 2803 252 2837 fif.
261 2804 337 2837 scholion
346 2804 427 2838 Gennadii
436 2814 450 2837 ο.
460 2805 513 2839 Οιαιιι.
522 2815 537 2847 p.
547 2804 584 2838 510,
609 2810 634 2836 17.
645 2802 697 2845 δρίος
710 2799 773 2837 αύτῶν.
798 2811 823 2838 ιε.
832 2804 869 2838 Act.

156 2868 184 2906 18,
196 2868 223 2901 θέε,
236 2864 266 2906 λθ,
278 2865 292 2896 ί.
304 2859 388 2902 Ἀπολλώς.
