1723 3073
225 130 247 162 ΙΝ
260 130 383 163 EPISTOLAM
396 131 424 162 ΑΙ)
437 129 547 164 ROMANOS.
724 127 745 161 97

70 234 119 288 XII,
136 238 153 277 3.
187 231 216 276 Τά
231 232 267 289 μὲν
282 229 319 279 οῦν
333 233 459 293 προλαβόντα
474 236 518 292 περὶ
533 239 568 292 τῆς
581 233 674 280 καθόλου
691 230 747 289 λεχό-

28 304 163 370 μεναάρετής
177 307 242 355 καλῶς
258 305 307 361 ἔχειν
323 304 420 364 ήδόνατο·
443 308 539 365 ἐξέρχεται
553 308 575 352 δέ
589 305 661 351 λοιπδν
676 306 708 360 έπί
722 304 747 349 τά

28 375 79 422 κατά
93 377 162 435 μέρος,
184 375 223 434 πρό
238 375 319 422 πάντων
336 377 373 436 τήν
391 377 541 438 ὑπερηφανίαν,
563 378 589 432 τός
604 378 630 425 όίν
649 380 748 437 χείριστον

29 448 161 505 άπανορεόων
181 447 218 493 οῦκ
237 448 265 492 έτι
283 449 414 507 παρακλήσει,
437 450 478 495 ἄλλ’
497 450 593 511 αὐθεντίρ
612 455 699 509 μάλλον·
722 441 747 494 οῦ

29 521 68 580 ηάρ
88 520 158 578 όμοιον
178 519 206 565 ἐπ’
226 519 298 579 άρετήν
315 522 433 579 προτρέπειν
447 524 479 567 καί
493 522 530 580 τήν
544 527 584 568 νῦν
599 522 679 569 άτόπων
697 520 746 567 άπα-
766 536 774 562 5

30 593 122 651 χορεόειν
136 596 218 651 πράξαν·
239 593 289 638 ὅθεν
309 595 372 652 ἐκείνη
390 594 426 651 μὲν
444 593 569 652 πιιράκλησιν
584 600 688 653 συνήφθαι
702 594 747 653 πρέ-

30 664 116 720 ποιάν,
137 664 199 724 ταότη
218 665 238 710 δέ
258 668 290 710 καί
310 664 424 723 σφοδρότης
439 664 521 722 ἁρμόσει
535 666 639 719 πολλάκις·
661 668 693 711 καί
708 666 747 725 γάρ

31 741 55 796 τή
70 736 176 796 προσθήκη
196 741 231 794 πής
249 736 329 795 χάριτος
347 740 382 793 τής
397 739 489 794 δοθείσης
504 754 538 793 μοι
553 737 692 797 φοβερωτέραν
710 740 747 795 εἰρ-

31 807 107 866 γάσατο
121 813 157 852 τοῦ
172 811 235 852 κακοῦ
250 807 286 862 τήν
301 806 424 864 άποτροπήν.

75 879 242 940 Παραφροσόνην
256 879 293 937 τήν
307 878 448 937 ὑπερηφανίαν
462 879 532 936 είποέυ,
552 879 598 939 όηιή
613 881 634 926 δέ
649 882 774 939 φρόνησινιο

32 952 68 1011 τήν
83 953 204 1011 μετριότητα,
229 951 273 996 Ἵνα
291 951 318 1010 μή
339 952 432 996 ἐντεῦθεν
452 951 547 1010 σόηχυσίν
565 969 610 997 τινα
630 951 748 1010 ἐργάζεσθαι

33 1024 93 1083 δόξη,
114 1023 141 1077 ιδς
160 1023 186 1069 άν
201 1023 249 1068 οῦδὲ
263 1028 297 1082 τής
312 1025 471 1082 ἐκκλησιαστικής
486 1023 576 1079 εὐταξίας
591 1024 614 1070 δι’
634 1022 748 1082 ὑπερβολήν

34 1095 161 1155 μετριότητος
175 1096 312 1154 φνλάττεσθαι
328 1097 349 1141 έν
364 1094 432 1148 αὐτοῖς
447 1095 577 1154 ὀφειλούσης,
592 1100 657 1148 καλῶς
671 1096 747 1154 έπάνει,

34 1167 108 1230 έκάστφ
128 1166 155 1220 οδς
174 1166 184 1212 6
204 1166 252 1219 θεός
272 1167 348 1226 ἐμέρισε
368 1166 440 1224 μέτρον
459 1170 547 1220 πίστεως,
578 1167 680 1225 Βοόλομαί
700 1179 749 1226 φησι

34 1240 145 1298 μετριάζειν
155 1240 191 1296 μέν
202 1239 300 1293 ἅπαντας,
316 1238 452 1296 φυλάττεσθαι
462 1240 483 1284 δέ
498 1239 520 1283 έν
533 1238 582 1295 ὑμῖν
596 1242 629 1284 καί
642 1239 680 1296 τήν
694 1239 749 1292 τάξιν
757 1257 775 1285 15

35 1310 139 1369 άναλόχως
157 1317 199 1364 τοῖς
217 1311 356 1369 νενεμημένας
375 1309 423 1368 ὑμῖν
442 1309 482 1356 όπό
502 1314 538 1356 τοῦ
553 1315 604 1356 θεοῦ
618 1313 749 1371 χαρίσμασιν·

32 1383 103 1442 Υἐπειδή
119 1383 158 1442 χάρ
177 1390 258 1428 πλείστα
273 1379 298 1441 ήν
313 1385 334 1429 ἐν
349 1382 418 1435 αὐτοῖς
432 1383 456 1427 τά
470 1385 589 1441 χαρίσματα,
609 1383 705 1440 μερισμόν
721 1386 750 1427 πί-

35 1470 95 1508 στεως
109 1457 141 1500 καί
157 1455 282 1513 έπιμέτρησιν
297 1456 348 1513 λέχει
361 1459 402 1500 νῦν
416 1453 543 1513 χαρισμάτων
557 1454 594 1512 τήν
609 1454 714 1513 διανομήν.

77 1531 124 1583 ΧΠ,
141 1534 159 1573 8.
191 1526 219 1572 Τό
235 1525 245 1572 6
260 1527 405 1584 προϊστάμενος
421 1527 442 1572 έν
457 1529 535 1584 σπουδή
550 1524 594 1571 άντί
608 1530 645 1571 τοῦ
660 1525 670 1570 6
688 1528 753 1583 ἐπιμε-

36 1598 133 1657 λοόμενος
147 1598 208 1656 λέγει·
230 1597 293 1651 οὕτως
307 1600 339 1643 καί
355 1598 376 1642 ἐν
391 1602 415 1656 τῇ
430 1597 480 1656 πρός
498 1596 599 1654 Τιμόθεον
615 1599 718 1656 ἐπιστολή·
737 1601 779 1643 είει

37 1672 58 1718 δέ
72 1688 102 1724 τις
115 1675 152 1716 τοῦ
167 1673 220 1716 ίδίον
240 1672 297 1715 οίκου
316 1674 427 1728 προστῆναι
448 1669 485 1715 οὐκ
505 1668 571 1725 οἶδεν,
590 1674 632 1723 πῶς
652 1670 753 1727 ἐκκλησίας

37 1747 88 1790 θεοῦ
103 1743 246 1802 ἐπιμελήσεταις
270 1747 339 1800 σαφοῦς
357 1742 394 1800 τήν
408 1744 531 1801 προστασίαν
547 1743 578 1787 έπί
592 1747 626 1801 τῆς
646 1742 754 1800 ἐπιμελείας

37 1817 110 1874 λέηων·
131 1815 227 1874 διάφοροι
245 1814 284 1872 γάρ
298 1814 369 1872 τρόποι
384 1813 428 1859 τότε
442 1813 527 1871 μάλιστα
542 1813 632 1867 εὐποιίας
646 1814 701 1873 παρά
715 1820 755 1859 των

37 1886 179 1944 εὐπορωτέρων
199 1888 226 1937 είς
245 1884 293 1936 τοὺς
315 1884 444 1943 πενεστέρους
462 1889 502 1929 τεόν
523 1882 637 1941 δμοπίστων
656 1886 754 1941 ἐγίνοντο,

38 1960 81 2017 περί
97 1953 126 2003 τόν
140 1962 179 2003 νῦν
193 1956 291 2015 λέγεικαὶ
305 1956 328 2001 τό
344 1954 354 2001 6
369 1956 498 2014 μεταδιδούς,
514 1958 546 2001 καί
556 1956 579 2001 τό
590 1955 600 2002 6
611 1956 781 2017 προίστάμενοςοε

38 2033 70 2077 καὶ
85 2030 108 2075 τό
123 2029 134 2074 6
150 2031 209 2075 έλεων
223 2031 266 2086 περὶ
281 2034 322 2074 τῶν
337 2027 403 2074 αὐτῶν
418 2029 486 2086 λέγων.

81 2104 129 2154 XII,
155 2109 185 2149 10.
224 2102 252 2146 Τό
272 2105 296 2160 τῇ
318 2104 439 2161 φιλαδελφίᾳ
462 2104 489 2154 είς
509 2100 607 2159 άλλήλονς
628 2101 756 2160 φιλόστορνοι

39 2175 92 2220 έστιν
106 2175 142 2232 μέν
157 2172 228 2232 όμοιόν
243 2189 284 2226 πως
298 2177 325 2234 τῷ
341 2170 352 2230 ή
369 2171 435 2231 άχάπη
451 2171 592 2230 άνυπόκριτος,
609 2174 686 2230 ἐπείπερ
697 2171 755 2217 οῦδὲν

39 2246 149 2292 διαλλάττει
163 2250 200 2291 τοῦ
215 2244 317 2303 άληθινῦς
331 2244 411 2303 άχαπάν
425 2244 448 2289 τό
463 2245 543 2303 σφόδρα
558 2245 656 2303 στέργειν·
679 2245 716 2302 έχει
735 2245 756 2289 δέ

39 2339 58 2365 τι
72 2319 133 2364 πλέον
147 2323 171 2378 τῇ
185 2322 222 2363 τοῦ
237 2321 264 2371 είς
279 2317 377 2376 άλλήλονς
391 2317 510 2377 προσθήκη·
526 2317 563 2376 τήν
572 2318 611 2376 γάρ
621 2316 685 2374 αὐτήν
695 2330 782 2368 σπου-3η

42 2393 80 2450 δήν
95 2391 171 2443 πάντας
185 2392 229 2446 περί
245 2389 343 2448 άλλήλονς
359 2391 410 2447 ἔχειν
425 2389 527 2448 βούλεται,
551 2390 590 2433 ἐπεὶ
610 2389 659 2446 μηδὲ
678 2387 722 2432 οἷόν
736 2407 757 2433 τε

41 2465 104 2516 άλλως
124 2469 241 2523 κρατεῖσθαι
261 2462 298 2521 τήν
317 2460 406 2520 άχάπην,
429 2460 469 2506 άλλ’
487 2459 500 2518 ή
517 2465 554 2505 τοῦ
574 2459 706 2518 άχαπωμένου
720 2462 757 2520 τήν

41 2535 104 2594 αῦτήν
119 2535 188 2590 σώζειν
201 2537 246 2594 περὶ
260 2533 295 2580 τόν
311 2533 418 2592 άηαπολντα
432 2531 514 2591 γνώμην
530 2530 686 2587 ἐσπουδακότος,
709 2533 758 2593 ὅπερ

42 2612 58 2654 ελ
72 2608 98 2667 μή
118 2610 217 2666 γίγνοιτο,
239 2606 331 2666 άφέξεται
345 2610 382 2650 τοῦ
397 2605 477 2663 άχαπάν
492 2603 571 2657 πάντως
586 2603 596 2649 6
612 2605 694 2663 άχοιπιόν
710 2606 758 2666 όσην

42 2682 68 2727 άν
84 2681 117 2740 έχη
132 2680 168 2738 τήν
184 2682 263 2737 φιλίαν,
280 2679 317 2725 οὐκ
332 2677 451 2735 άνεχόμενος
466 2681 531 2735 φιλῶν
545 2682 684 2736 περιοράσθαι.
766 2700 785 2727 τε

85 2755 135 2809 XII,
153 2758 183 2798 13,
216 2757 264 2805 Τοῖς
278 2755 352 2813 χρείαις
367 2742 415 2809 φησί
425 2753 464 2795 νῦν
475 2748 537 2807 δηίων
547 2755 700 2806 κοινωνοῦντες·
717 2754 759 2800 ένια

88 2910 102 2936 ι,
117 2902 169 2944 θρέττε
180 2897 211 2950 ἐπὶ
223 2899 248 2933 τό.
275 2909 287 2934 ν,
301 2902 345 2943 Spin.
357 2896 399 2940 πρός
411 2896 483 2933 κάιιτων.
510 2907 534 2934 τε,
548 2901 556 2932 1
570 2900 611 2934 Tim.
624 2902 643 2944 3,
657 2902 671 2935 5.

643 2978 647 2994 λ
