1773 3073
128 62 160 99 1λὲ
348 60 459 94 THEODORI
471 61 620 97 MOPSVESTENI

129 173 222 229 ἐπαίρων,
238 169 326 211 ἐνταῦθα
341 166 423 219 άδίκους
437 166 512 220 αύτούς
527 167 618 214 ἐκάλεσεν
632 168 733 221 καθάλους
757 168 787 214 ὅτι
802 170 842 215 ἐκεῖ

128 245 164 300 μέν
180 243 222 297 περί
242 243 279 301 τοῦ
292 242 334 283 δεῖν
349 239 373 284 τά
388 237 509 297 ὀφειλόμενα
524 239 628 294 κάκείνους
645 245 736 299 πληροῦν
753 241 843 299 διαλεχά-

127 332 193 372 μενος,
213 310 253 357 ύνιδ
273 315 324 356 θεοῦ
343 310 426 357 κάκεῖνα
437 311 527 366 -εῖκάτιις
544 314 639 372 τετάχθαι
655 314 706 371 λέχει
725 312 776 359 αάτά
795 313 842 359 καθ’

128 386 185 441 αύτα,
201 382 240 429 άπὸ
254 387 291 428 τοῦ
306 388 383 429 σκοποῦ
397 384 444 429 καθ’
456 384 479 430 ὃν
491 385 582 431 τέτακται
592 390 665 445 κρίνειν
677 385 736 438 αύτά,
752 387 843 431 ἐνταῦθα

112 459 148 504 ιδέ
162 456 212 517 πρὸς
225 455 274 509 τούς
283 458 414 516 κρινομένους
424 457 476 516 λέχει
490 458 523 504 διά
537 458 560 503 τύ
576 458 686 516 βούλεσθον
700 464 728 521 τιβ
742 477 763 504 τε
777 458 843 520 χρόνῳ

127 533 158 575 καί
179 534 203 589 τῇ
222 532 327 590 περιουσίᾳ
344 532 377 574 καί
396 534 420 589 τῇ
436 534 541 590 δυναστείην
556 534 669 588 συντρίβειν
686 530 771 582 αύτούς·
793 531 844 589 πρὸς

126 602 164 660 ηάρ
180 600 240 647 οάδέν
254 600 332 646 τούτων
347 605 366 646 οί
379 602 461 660 πένητες
479 603 568 660 ἐξαρκεῖν
587 602 704 661 δυνάμενοι,
727 602 752 647 ού
770 605 844 661 ῥαδίως

126 679 162 720 τού
181 675 259 720 δικαίου
276 673 382 732 τυγχάνειν
402 674 504 721 δύνανται.
532 674 623 728 Ἀδίκονς
641 675 732 721 ἐκάλεσεν
750 675 789 721 άπύ
809 680 844 733 τῆς

127 746 203 790 τούτων
217 743 307 802 χνάμης,
331 745 375 790 άντὶ
394 751 431 790 τού
449 746 582 805 καταφεύγειν
602 746 630 790 ἐπ’
649 749 736 799 ἐκείνους
753 746 798 804 παρ’
815 745 844 798 οἷς

102 819 178 877 ιοδύνη
198 816 325 875 συγκαλύψαι
343 818 380 875 τὴν
394 818 445 863 κατά
460 823 496 863 τού
511 818 595 875 πένητος
609 818 688 864 άδικίαν
703 818 736 863 διά
753 822 843 863 πολλῶν

128 891 178 936 ὅθεν
196 891 230 935 καλ
248 893 313 943 καλοῖς
333 889 387 935 εἶπεν
406 894 474 952 τολμᾷ.
506 889 548 936 Οὐκ
568 894 633 937 οίδατε
652 891 682 936 ὅτι
700 894 719 936 οί
736 888 790 949 άχίοι
809 890 845 936 τάν

127 963 203 1022 κύσμον
213 966 314 1018 κρινοῦσι,Ι
329 968 460 1023 παραιτεῖσθε
473 965 522 1022 φησί
536 961 620 1017 τούτους
634 962 698 1022 ύμεῖς,
715 957 743 1008 τίν
758 961 770 1022 ἦ
785 962 845 1023 άρετὴ

127 1036 193 1081 πάντα
207 1037 270 1094 κρίνει
284 1034 319 1079 τὸν
333 1034 420 1093 κόσμον,
443 1034 468 1079 ού
485 1034 535 1080 κατά
550 1035 648 1089 ἐξέτασιν,
670 1035 720 1081 άλλά
738 1036 789 1081 κατά
808 1053 844 1080 πα-

128 1107 219 1166 ράθεσιν.
539 1092 549 1108 ἡ

103 1199 121 1227 15
169 1183 205 1230 VI,
224 1183 242 1222 ’2,
263 1184 280 1222 3.
313 1177 355 1235 Ὑφ’
376 1173 404 1222 ὧν
423 1178 475 1230 άπας
495 1177 506 1222 ὁ
525 1178 599 1235 κόσμος
618 1183 714 1237 κρίνεται,
737 1181 845 1237 χρημάτων

129 1249 270 1310 άμβισβήτησις
287 1247 327 1295 ὑπὸ
344 1248 422 1295 τούτων
441 1248 465 1294 ού
480 1248 565 1295 δύναται
582 1250 710 1303 διαλύεσθαι,ι
734 1249 846 1310 Ἐντρετττι-

128 1323 217 1369 κοίτκτοκ
234 1322 256 1366 δέ
274 1321 397 1379 μάλιστατὸ
417 1324 434 1366 εῖ
453 1323 473 1367 ἐν
490 1321 550 1380 ύμῖν,
573 1322 727 1382 συμπεριλαβών
745 1324 778 1367 καί
798 1323 846 1374 τούς

128 1394 311 1455 παραιτονμένους,
334 1392 361 1447 τάς
376 1393 402 1440 άν
417 1393 484 1440 αὐτῶν
499 1394 584 1447 ἑαυτούς
599 1395 765 1454 παραιτουμένων
784 1396 805 1441 ἐν
819 1400 847 1457 τῷ

129 1473 270 1526 παραιτεῖσθαι
284 1467 332 1519 τούς
347 1466 473 1525 ὁμοπίστονς.
503 1467 560 1512 Κανά
576 1468 660 1525 αὔξησιν
675 1468 696 1513 δέ
715 1470 787 1526 φησίν,
810 1467 847 1513 ούκ

103 1545 195 1589 κοοίδατε
210 1540 241 1585 ὅτι
256 1538 352 1596 άχχέλους
366 1544 482 1596 κρινοῦμεν,Ι
498 1538 525 1591 τίς
539 1539 577 1598 χάρ
592 1545 659 1597 μεῖζον
669 1544 729 1585 τούτο
740 1540 847 1598 ἐπὴχαχεν·

129 1615 160 1659 ἐπί
179 1613 215 1670 μέν
233 1606 271 1656 οάν
288 1616 324 1656 τοῦ
339 1611 416 1668 κόσμου
431 1612 523 1669 ἐλάχιστα
537 1611 628 1670 κριτήρια
642 1612 667 1657 τά
682 1614 725 1670 περί
743 1617 783 1656 τοῖν
800 1630 846 1671 χρη-

129 1685 197 1744 μάτων
211 1682 310 1739 ἐκάλεσεν,
326 1682 353 1736 άς
368 1683 420 1741 άχαν
435 1683 483 1729 ὄντα
498 1683 558 1742 μικρά
573 1688 596 1743 τῇ
611 1684 662 1743 πρὸς
677 1684 752 1730 ἐκεῖνον
768 1686 848 1743 συχκρί-

131 1771 170 1813 σει,
186 1758 216 1802 ἐπὶ
231 1756 252 1801 δέ
266 1760 306 1801 τάν
322 1755 410 1813 άχχέλων
420 1756 512 1814 βιωτικά,
528 1755 555 1808 ὥς
569 1755 595 1801 άν
610 1757 690 1801 ἐκείνων
705 1756 730 1801 ού
744 1757 795 1802 κατά
809 1757 845 1801 τύν

131 1832 175 1887 βίον
189 1833 260 1874 τούτου
277 1828 347 1873 ὄντων.

105 1925 124 1953 ιι
172 1904 208 1956 vl,
224 1908 242 1946 λ.
259 1907 276 1947 5.
306 1900 393 1947 Βιτατικά
406 1901 442 1959 μέν
455 1896 492 1947 ούν
505 1899 598 1961 κριτήρια
609 1901 644 1948 ἐάν
655 1902 717 1960 ἐχητε,
732 1901 781 1955 τούς
792 1903 848 1957 ἐξον-

132 1976 254 2033 θενημένους
273 1976 294 2019 ἐν
312 1979 336 2033 τῇ
357 1977 459 2034 ἐκκλησία,
482 1976 566 2026 τούτους
585 1978 683 2029 καθίζετε,Ι
713 1976 753 2018 Καί
773 1977 807 2019 λ’να
821 1974 848 2031 μὴ

132 2052 181 2107 δοκῇ
196 2046 282 2093 κελεύειν
297 2046 365 2100 αὐτοῖς
380 2047 461 2104 άληθῶς
475 2047 524 2099 τούς
539 2045 634 2092 άντάντοιν
649 2046 798 2104 εὐτελεστέρους
808 2048 850 2091 ἐπι-

133 2125 196 2178 ζητεῖν
211 2119 282 2171 οίτινές
302 2122 348 2174 εἰσι,
371 2120 402 2164 καί
420 2118 505 2171 τούτους
526 2119 556 2164 ἐπὶ
576 2123 616 2164 τῶν
633 2117 731 2164 τοιούτοιν
748 2121 849 2178 αίρεῖσθαι

132 2192 209 2250 κριτάς,
230 2190 280 2249 πρὸς
295 2191 393 2250 ἐντροπὴν
407 2190 467 2248 ύμῖν,
487 2192 557 2249 φησίν,
578 2190 633 2248 λέγει.
666 2193 722 2243 Τίνες
737 2191 759 2236 δὲ
774 2193 793 2235 οῖ
807 2192 849 2251 κρί-

109 2282 174 2310 οονειν
190 2263 304 2322 ὀφείλοντες
319 2263 393 2322 ἐπάχει.

175 2340 211 2391 vl,
228 2341 259 2380 11.
291 2339 358 2381 Ταύτα
376 2335 414 2394 χάρ
434 2348 504 2393 φησιν,
527 2338 544 2380 εί
563 2337 596 2380 καί
617 2335 715 2394 πρότερον
737 2335 848 2393 ἐπράττετε,

137 2406 184 2452 άλλά
205 2413 243 2452 νύν
261 2407 387 2466 τετυχηκότες
406 2407 506 2466 άχιασμού
526 2411 550 2467 τη
570 2411 606 2452 τού
624 2406 737 2466 πνεύματος
756 2409 850 2468 μετονσίη

137 2478 169 2523 διά
182 2483 216 2536 τῆς
230 2480 261 2523 ἐπί
270 2479 305 2524 τὸν
316 2479 403 2540 Χριστὸν
415 2482 508 2533 πίστεως,
524 2479 572 2539 μετά
582 2479 646 2538 πάσης
656 2478 779 2538 άποφεύχειν
789 2491 849 2541 προσ-

137 2549 179 2608 ηκει
193 2556 226 2608 τῆς
241 2556 332 2611 σπονδης,

111 2639 130 2668 ει
179 2625 213 2675 vl,
230 2627 259 2665 12.
287 2623 344 2669 Ἀλλά
359 2630 418 2670 τοῦτο
433 2626 482 2685 φῂς,
501 2628 571 2684 φησίν,
592 2625 621 2670 ὅτι
636 2624 702 2670 πάντα
716 2644 751 2683 μοι
766 2626 849 2680 ἐξεστιν·

184 2788 196 2813 5.
210 2780 225 2812 V.
238 2791 301 2822 κρινομ.
316 2780 356 2826 λέχει
368 2793 398 2825 ego
410 2786 468 2818 adieci.
498 2788 521 2819 ib*
534 2788 578 2818 (lat-z
594 2782 623 2817 διὰ
634 2785 670 2818 τοῦ.
699 2792 724 2817 ιε,
737 2785 754 2818 C.
767 2785 821 2819 βιαιο.
834 2794 848 2825 p.

139 2841 174 2873 102,
199 2845 224 2870 25⁴
238 2838 254 2871 C.
268 2838 321 2873 Eram.
334 2851 349 2882 p.
362 2841 398 2875 ίθλ.
423 2850 447 2876 τι.
460 2845 477 2877 (1.
491 2845 545 2878 δοκοί,
558 2855 573 2885 μ,
588 2843 623 2876 108.
