1723 3073
241 96 263 128 IN
276 94 419 129 EVANGELIUM
430 94 538 128 IOHANNIS,
646 123 648 127 ,
727 88 748 123 35

29 197 103 244 θέσθαι
117 197 162 256 παρ’
179 197 252 253 αὐτοῦ,
271 201 300 252 τίς
319 199 358 258 άρα
373 202 402 257 είη
417 198 428 245 ὁ
442 199 553 259 προδοῦσαν
566 196 646 248 αὐτόν.4
666 195 748 241 Ἀνακε-

29 269 70 315 σιόν
91 264 129 315 οῦν
148 271 179 315 έκί
198 269 221 315 τό
241 275 316 329 σιήθος
330 276 366 316 τοῦ
380 271 455 330 Ἰησοῦ,
477 272 525 317 όίσιε
540 271 567 329 μή
583 274 610 323 είς
627 266 749 324 ἐξάκουστον

29 345 100 400 βοήσαι
114 346 154 386 τῶν
169 346 245 387 λοιποδν
259 341 352 388 ἐπύθετο.

68 411 146 472 Ἐκειδή
161 413 200 473 γάρ
214 412 310 472 κρύπτειν
325 413 388 459 ἐδόκει
402 417 436 460 καί
450 415 498 460 καθ’
514 416 587 460 έαυιόν
601 412 679 472 ἐνόμιζε
693 418 747 471 μελε-

28 489 75 539 ιοίν,
94 486 210 543 καταφανές
228 486 305 542 ἐγένετο
322 490 347 545 τῇ
367 485 422 530 δόσει
436 491 472 531 τοῦ
487 490 566 544 ψωμίον
580 493 622 539 τοῖς
637 492 745 545 μαθηταῖς.
767 509 774 534 5

31 561 135 602 Τοσοῦτον
150 557 172 602 δέ
186 558 258 615 όίπεσχε
272 562 309 602 τοῦ
323 558 429 615 θαυμάσαι
444 558 480 615 μέν
493 558 530 616 τήν
545 558 632 616 δύναμιν
646 563 683 603 ιοῦ
696 557 748 602 κατά

28 627 64 687 τήν
78 627 146 687 ιγυγήν
161 628 293 688 ἐπισταμένου
308 630 341 675 καί
355 627 403 682 τούς
418 629 440 674 ἐν
454 633 522 689 κρυφῇ
537 629 645 688 λογισμούς
654 635 696 682 τοῖς
710 633 747 674 πῦ-

29 712 60 744 σιν
76 701 218 758 έκςααίνονιος,
241 706 401 760 σωφρονηθήναι
421 702 442 746 δὲ
460 703 593 759 αἰσχυνθέντα
611 702 647 747 τόν
662 703 693 746 έπί
707 705 748 745 ιτδν

28 770 135 828 παρόντων
151 773 240 830 έλεγγον,
264 773 360 817 ὥστεκαὶ
374 777 451 829 μάλλον
466 772 521 833 αύτῷ
535 777 642 831 βεβαιῶσαι
662 774 694 817 ἐπὶ
713 776 748 830 ιής

29 845 102 895 οίκείας
121 847 186 902 ψυχῆς
204 845 238 889 καὶ
256 843 292 889 τόν
310 844 390 902 έλεγγον
405 843 511 902 ἐνεγκόντα
525 844 601 902 βαρέως
615 848 691 890 θάττον
705 845 774 894 ἐπι-ιι

29 922 96 960 θεῖναι
109 922 151 968 τοῖς
166 915 294 974 δεδογμένοις
308 915 331 961 τό
346 916 408 974 πέρας
424 917 542 974 ἐπείγεσθαι.
575 915 655 974 Ταύτην
668 920 747 962 εἴσοδον

29 986 121 1033 ἐκάλεσεν
136 987 216 1041 εἰκότως
230 992 267 1034 τοῦ
282 992 360 1034 σαιανά
374 987 385 1033 ό
401 987 549 1047 τύαγγελισιής,
564 987 601 1046 τήν
610 987 699 1046 κύρωσιν
708 992 748 1033 τῶν

29 1062 160 1118 καιαθνμίων
174 1064 202 1122 τῷ
217 1060 304 1123 διαβόλῳ
319 1065 426 1119 λογισμῶν.

70 1132 133 1187 ΧΙΙΙ,
148 1138 181 1177 33.
214 1132 241 1177 Τό
257 1132 288 1177 δέ·
310 1133 338 1177 έιι
353 1132 425 1190 μικρόν
440 1132 486 1190 μεθ’
501 1131 559 1190 ύμιῦν
574 1135 623 1189 εἰμι,
645 1133 694 1190 φησί
712 1132 749 1178 τόν

29 1203 85 1260 μέχρι
105 1208 142 1248 τοῦ
160 1203 241 1256 πάθους
261 1204 338 1262 καιρόν,
371 1210 418 1257 Τοῖς
432 1205 468 1262 μὲν
481 1203 585 1255 Ἰουδαίοις
600 1201 669 1247 εἰπάν·
694 1202 775 1260 ζηιή-ιι

29 1273 71 1317 σειέ
86 1292 119 1330 με,
135 1275 231 1333 ἐπήγαγε·
251 1277 284 1319 καί
299 1275 336 1333 οῦγ
351 1274 453 1333 εύρήσειε,
476 1275 544 1332 ἐπειδὴ
559 1275 585 1332 μή
602 1275 684 1331 έμελλον
699 1271 749 1331 δρῦν

29 1343 93 1391 αὐτόν
111 1345 150 1401 III,
173 1342 215 1399 τοῖς
233 1347 254 1392 δέ
268 1353 376 1404 μαθηταῖς·
400 1346 499 1405 ζητήσειε,
520 1348 553 1392 ’καί
567 1345 606 1404 γάρ
625 1344 708 1403 ἐζήτουν
723 1343 750 1397 ὡς

29 1416 89 1471 εἰκός,
112 1417 134 1462 τό
149 1417 186 1474 μέν
201 1417 240 1463 άπῦ
255 1423 290 1475 τῆς
305 1419 414 1470 διαθέσεως
429 1418 555 1475 κινούμενοι,
574 1417 597 1461 ιδ
613 1418 634 1462 δέ
648 1415 748 1462 τοσούτου

29 1487 152 1534 διδασκάλου
171 1507 192 1534 ιε
212 1491 245 1535 καί
264 1489 376 1548 κηδεμόνος
396 1488 481 1547 ὁρωντες
496 1489 582 1541 ἑαυτούς
596 1488 749 1548 ἐστερημένους,

29 1559 79 1605 άλλιέ
99 1563 132 1606 καί
152 1557 218 1620 εῦρον,
247 1561 312 1607 Εἶδον
326 1562 365 1619 γάρ
380 1561 429 1620 μετά
444 1561 481 1619 τήν
496 1561 606 1606 ἀνάστασιν
620 1561 776 1617 καὶσυνεγέ-ει

29 1648 89 1677 νοντα
103 1633 136 1677 καί
152 1632 268 1692 συνέφαγεν
283 1633 329 1692 άγρι
343 1637 377 1691 ιής
392 1636 419 1685 είς
434 1631 536 1691 οὐρανούς
550 1631 673 1691 άναλήιγεως,

70 1707 143 1757 Καλῶς
162 1704 185 1749 ιδ
206 1704 251 1763 άριι
268 1704 425 1763 προσιεθεικάς·
445 1704 468 1750 ιδ
488 1704 525 1762 μέν
543 1704 582 1762 γάρ
601 1704 628 1762 μή
648 1704 749 1754 δύνασθαι

30 1774 125 1819 άκελθεῖν
145 1775 234 1834 όπουπερ
254 1774 318 1834 όπήγε
339 1776 391 1834 λέγει
409 1775 432 1820 ιδ
452 1775 479 1833 μή
499 1776 568 1833 φέρειν
588 1773 663 1827 αὐτούς
678 1775 751 1833 ὁμοίως

30 1844 95 1907 αύτῷ,
110 1851 237 1905 καικιολμάν
252 1852 289 1893 τοῦ
303 1846 396 1894 θανάτου
412 1846 484 1905 άμέλει,
516 1845 594 1900 Πάντες
608 1847 644 1904 μέν
665 1847 751 1906 ἔφυγον,

31 1918 108 1976 Πέτρος
126 1919 147 1964 δέ
166 1920 200 1964 καί
214 1918 261 1977 μεθ’
278 1919 344 1978 ὅρκων
358 1918 466 1978 ήρνήσαιο.
499 1919 616 1976 Προσέθηκε
632 1919 653 1964 δέ
667 1919 691 1964 ιό
707 1919 778 1977 άριιιτ

30 1990 109 2043 δεικνύς
128 1991 159 2036 ότι
176 1991 261 2052 ύσιερον
281 1991 361 2052 σφόδρα
379 1996 419 2037 τάν
437 1991 541 2037 κινδύνων
560 1993 592 2036 καί
607 1996 644 2036 τοῦ
659 1991 752 2036 θανάτου

29 2062 219 2123 καταθαρβήσουσι·
235 2064 284 2122 μετά
299 2064 338 2122 γάρ
352 2064 389 2123 τήν
404 2069 440 2109 τοῦ
455 2063 569 2121 πνεύματος
578 2063 671 2109 κάθοδον
682 2064 710 2108 έιι
719 2065 751 2108 καί

31 2135 111 2194 ἔχαιρον
126 2134 236 2194 πάσχοντες
250 2134 301 2193 ύκέρ
319 2140 356 2181 τοῦ
372 2140 472 2195 Χριστοῦ,
495 2137 578 2194 βεβαίαν
598 2134 650 2189 όίπαξ
668 2138 713 2192 περί
731 2153 751 2179 τε

30 2212 70 2252 τῶν
84 2206 198 2265 μελλόντων
212 2209 245 2253 καὶ
259 2212 300 2253 ιολν
313 2208 364 2253 κατά
373 2207 410 2253 τόν
420 2208 509 2265 Χριστόν
518 2207 556 2265 τήν
565 2210 632 2252 πίστιν
642 2207 750 2263 δεξάμενοι.

74 2280 135 2334 XIII,
152 2284 183 2324 λλ,
211 2276 234 2323 Ὁ
248 2278 311 2337 νόμος
326 2278 424 2331 ἐκέλευεν·
443 2277 552 2337 οίγαπήσεις
566 2277 699 2336 ιόνπλησίον
714 2290 779 2324 σοντι

31 2350 57 2404 ῦς
73 2351 155 2407 έανιόν,
175 2349 188 2409 ή
204 2351 226 2396 δέ
240 2354 277 2396 τοῦ
292 2353 364 2410 κυρίου
380 2350 438 2410 φωνή
452 2349 551 2409 καὶ-ῦπέρ
569 2349 653 2401 ἑαυτούς
672 2347 752 2406 άγαπῦν

30 2422 82 2482 ήμῦις
97 2423 191 2482 βούλεται
205 2423 254 2476 τούς
269 2426 355 2476 οίκείους
364 2428 399 2482 τῆς
415 2426 503 2474 πίστεως.
533 2422 591 2467 Ούιω
605 2421 644 2479 γάρ
658 2421 752 2479 μέγιστον

31 2494 43 2552 I}
58 2495 132 2552 ταύτης
147 2495 237 2553 φυλακή,
258 2495 308 2540 όόσιε
322 2497 355 2539 καί
370 2494 472 2553 γνιόρισμα
488 2493 585 2549 αύιαρκες
600 2492 651 2538 εἶναι
665 2499 701 2552 τῆς
715 2515 753 2553 μα-

31 2570 112 2625 θηιείας
131 2571 166 2624 ιής
187 2567 240 2625 έμής.
268 2566 376 2611 Ἐντεῦθεν
392 2565 494 2624 οἶμαικαὶ
510 2563 520 2610 ό
536 2563 754 2625 άπόσιολοςμεμαθη-

31 2638 71 2692 κιός
86 2637 124 2697 τήν
138 2642 173 2696 τῆς
187 2636 266 2697 άγάπιγς
281 2637 369 2696 δύναμιν
383 2636 480 2696 πλήρωμα
495 2635 559 2696 αῦιήν
571 2636 637 2695 νόμον
652 2637 751 2697 ὀνομάζει.
761 2656 779 2683 οι

77 2751 123 2783 αλλ.
135 2744 181 2795 αύτῷ
197 2748 231 2794 βεβ.
250 2760 283 2783 non
296 2760 336 2783 sana
348 2749 438 2783 essemihi
450 2750 534 2783 videntur.
557 2750 628 2784 Scribe:
648 2746 700 2785 αύιὸν
712 2751 752 2797 βεβ,

31 2810 57 2842 vel
69 2809 83 2842 si
95 2820 111 2843 v.
121 2804 176 2855 αῦιιβ,
188 2819 221 2852 quo
230 2809 316 2852 offendor,
328 2810 390 2844 retines
398 2808 518 2856 βεβαιοῦσθαι,
530 2810 557 2844 vel
566 2813 611 2845 οειλε
620 2810 752 2857 βεβαιώσασθαι.

33 2877 56 2901 ιι.
66 2869 115 2902 ίῖοιιλ.
123 2874 154 2902 eat.
163 2880 178 2911 μ.
185 2869 222 2904 348,
239 2878 265 2903 τι.
274 2871 321 2905 Cord.
328 2874 359 2904 ιιιλ.
369 2881 383 2912 μ.
391 2870 428 2904 349.
443 2872 592 2912 ³1,Levit,19,.18.
607 2880 630 2906 τε.
639 2874 685 2906 Rom.
692 2873 717 2914 13,
726 2874 751 2904 Io.
