1773 3073
123 85 145 122 λλ
341 83 456 120 THEODORI
467 84 617 121 MOPSVESTENI

124 194 193 247 αύτοίς
207 192 237 238 ἐπί
250 194 287 235 τού
300 188 406 247 μέλλοντος
420 192 494 243 αίοῖνος
507 192 652 250 προσγίνεσδαι
669 190 747 249 ἔμελλε
772 192 836 234 ταῦτα

123 268 191 311 τοίνυν
209 263 266 320 φησί,
287 263 371 318 βεβαίως
391 261 475 316 ἐλπίζειν
494 261 524 307 ὅτι
544 260 651 320 πρόσεσται
670 261 730 321 ἡμῖν,
753 261 785 306 ἐπὶ
798 264 836 306 τού

123 335 221 394 παρόντος
235 329 344 395 εἰλήφαμεν
358 333 410 390 βίου.

164 409 190 452 Εί
209 404 245 462 μέν
261 402 300 462 γάρ
319 401 445 462 ἀπελαύομεν
462 403 501 463 ἤδη
520 409 560 451 των
579 404 751 466 προσδοκωμένων
766 404 836 462 μησίν,

109 478 156 533 μέτ’
166 478 213 531 όιγιν
223 476 285 521 ἐκειτο
294 474 375 530 πάντως
387 476 424 535 τὴν
437 475 543 537 ἡμετέραν,
558 481 603 538 περὶ
618 479 639 524 δέ
652 483 693 524 τῶν
707 465 837 536 μαινομένων

123 553 206 606 ἐλπίζειν
221 547 315 606 οὐδαμῶς
330 548 439 608 ἐδεόμεδα·
461 549 528 609 ἐπειδὴ
548 550 570 595 δέ
589 551 691 609 ἐλπίζομεν
709 551 753 610 περί
771 548 838 595 αὐτόν

123 623 150 676 νίς
165 622 189 668 ού
204 621 342 680 φαινομένων,
359 623 438 675 εἰκότως
452 622 529 680 άνάγκιχ
539 622 620 669 ύίπασαν
629 623 666 681 τὴν
677 624 758 681 έκβασιν
771 620 838 666 αὐτῶν

123 694 275 752 περιμένοντας,
290 691 399 751 ὑπομένειν
412 694 466 739 άπαν
481 693 501 746 ὅ,
516 711 535 738 τι
547 692 573 738 όίν
586 696 620 739 καί
633 701 708 739 παδεῖν
722 692 773 751 ὑπὲρ
789 693 838 737 ἐκεί-

122 784 164 811 νων
179 764 225 810 δέοι.

98 863 116 891 10
164 836 222 889 Vssl,
238 841 270 881 26.
300 835 442 900 Σχκχματισμός
464 837 503 881 ἐστι
524 835 575 881 κατά
594 836 617 882 τό
639 836 727 895 σύυιχδες
747 840 772 895 τῇ
792 837 839 896 δείχι

123 913 192 968 γραφῇ
206 906 229 953 τό
244 907 357 966 εἰρημένον,
378 906 405 961 είς
424 908 492 965 ἕτερον
507 911 615 967 φαίνεσθαι
629 914 657 971 τῷ
674 911 772 970 προχείρῳ
791 911 839 966 μάλ-

124 987 171 1034 λον,
186 981 200 1041 ίί
215 979 334 1039 όβούλεται
349 980 422 1039 λέγειν’
437 980 489 1038 λέγει
499 981 535 1039 μέν
549 981 587 1040 γάρ
603 981 633 1027 ότι
648 980 702 1041 ἡμεῖς
717 980 764 1026 ούδέ
778 991 839 1038 προσ-

125 1057 188 1100 δοκάν
202 1053 268 1099 ἐκεῖνα
281 1053 332 1098 κατά
346 1071 368 1111 γε
381 1052 419 1111 τὴν
432 1057 467 1111 τῆς
482 1053 561 1110 φύσεως
581 1052 706 1100 άκολουδίαν
725 1052 839 1111 δυνάμεδα,

125 1125 165 1171 ἀλλ’
180 1124 192 1185 ἡ
207 1128 244 1169 τού
258 1123 372 1181 πνεύματος
386 1124 453 1184 χάρις,
476 1120 501 1183 ἧς
519 1125 556 1184 τὴν
575 1126 667 1186 άπαρχὴυ
686 1127 775 1171 ἐνταῦθα
790 1123 841 1183 είλύ-

100 1216 200 1255 ιςφαμεν,
223 1195 366 1253 ἀναμφιβόλως
387 1195 435 1254 ἡμῖν
456 1198 550 1253 ἐγγυᾶται
571 1197 608 1256 τὴν
627 1201 734 1255 μετουσίαν
754 1198 839 1243 ἐκείνων.

125 1267 251 1328 Ἐσχιχμάτισε
269 1267 291 1312 δέ
310 1267 384 1320 οίίτως·
406 1266 420 1313 ά
438 1271 590 1328 προσδοκῶμεν,
610 1273 674 1314 ταῦτα
694 1270 727 1314 καί
747 1271 841 1326 αίτοῦμεν

126 1340 181 1402 παρά
195 1344 255 1393 δεού,
277 1340 290 1386 όί
305 1340 326 1387 δέ
340 1340 367 1401 μίχ
382 1339 469 1387 δυνατόν
485 1341 562 1386 ἐλπίσαι
576 1345 655 1400 λαβεῖν,
677 1345 740 1386 ταῦτα
755 1338 799 1386 οὐδ’
814 1338 840 1384 όίυ

128 1417 206 1472 αἰτῆσαι
225 1413 272 1458 ποτέ
290 1412 438 1472 άυασχοίμεδα·
459 1413 482 1458 τό
501 1408 539 1458 ούυ
558 1412 584 1472 μὴ
604 1414 706 1459 δυύασδαι
725 1415 840 1471 προσδοκᾶν

129 1487 193 1532 ἐκεῖνα
202 1484 225 1531 τό
236 1484 262 1544 μὴ
276 1484 347 1531 είδέναι
361 1484 407 1531 καθ’
423 1485 434 1530 ὃ
449 1488 479 1530 δεῖ
492 1486 642 1544 προσεύξασθαι
655 1487 699 1545 περί
715 1484 781 1531 αύτοίν
796 1483 841 1529 ἐκά-

102 1565 194 1615 ιολεσεν,
216 1557 284 1616 ἐπειδὴ
301 1556 327 1610 ὡς
347 1559 397 1617 έφιγυ
414 1562 478 1603 ταῦτα
497 1556 539 1603 οὐδ’
558 1557 583 1603 άν
598 1557 695 1617 αίτάσειέν
708 1577 729 1604 τε
744 1557 757 1604 ά
771 1558 841 1616 μηδενί

129 1631 181 1693 λόγῳ
199 1629 283 1677 δύναται
300 1633 425 1688 προσδοκᾶν,
446 1629 469 1675 τό
488 1629 509 1674 δέ
527 1633 551 1687 τῇ
570 1634 607 1674 τού
625 1629 739 1688 πνεύματος
759 1629 843 1687 δυνάμει

129 1704 208 1755 πάντως
225 1702 294 1754 αὐτοῖς
313 1701 364 1747 αύτά
378 1701 504 1760 περιέσεσθαι
519 1702 602 1756 ἐλπίζειν
616 1701 638 1747 τό
653 1706 732 1760 πνεύμα
749 1700 842 1760 ἐντυγχά-

129 1793 172 1820 νειν
187 1775 235 1833 ἐφη,
251 1772 317 1831 ἐπειδὴ
332 1773 370 1833 γάρ
385 1772 433 1833 εὐχῇ
447 1772 542 1826 πολλάκις
556 1773 684 1833 λαμβάνομεν
699 1775 764 1818 ἐκεῖνα
778 1772 791 1818 ά
805 1791 842 1830 μμ

130 1850 197 1905 δαμείς
216 1846 294 1897 ἑαυτοῖς
312 1850 439 1905 περιποιῆσαι
457 1844 572 1903 δυνάμεθα,
594 1847 672 1904 ἐνετίδιχ
691 1846 711 1891 δέ
727 1845 795 1897 αύτοίς
808 1846 842 1889 καί

102 1918 152 1964 εετό
167 1916 266 1963 πιστεύειν
280 1918 324 1975 περί
338 1922 378 1962 τοῖν
392 1916 504 1975 μελλόντων
518 1915 530 1975 ἡ
546 1918 578 1961 ἐπὶ
592 1922 628 1962 κού
638 1916 738 1975 παρόντος
748 1920 793 1976 βίου
806 1920 843 1961 τού

128 1990 242 2049 πνεύματος
256 1988 316 2041 δόσις.
345 1988 400 2033 Αύτό
411 2001 460 2047 φησι
469 1988 491 2033 τό
501 1992 580 2046 πνεῦμα
591 1988 704 2048 ἐντυγχάνει
713 1988 764 2047 ύπέρ
775 1987 842 2047 ἡμῶν,

129 2067 163 2108 ίνα
177 2067 222 2121 είπχ
238 2062 267 2106 ότι
282 2065 341 2106 τούτο
356 2061 403 2119 ἡμῖν
418 2063 498 2106 ἐκείνων
513 2065 588 2117 αίτιου,
607 2061 619 2106 ό
634 2062 698 2120 ιὶίσπερ
714 2063 735 2107 ἐν
750 2061 841 2122 οίῤῥαβῶ-

128 2154 164 2188 νος
178 2133 232 2189 τάξει
245 2131 295 2178 κατά
310 2132 346 2178 τόν
360 2131 450 2191 παρόντα
464 2135 509 2191 βίον
523 2131 571 2191 ἡμῖν
586 2133 658 2189 δοθέν,
679 2133 791 2192 άναγκαίως
810 2135 843 2178 καί

128 2210 173 2266 περὶ
193 2209 229 2252 τοῦ
247 2207 322 2254 τελείου
340 2204 439 2250 πιστεύειν
458 2210 521 2249 ποιεῖ·
544 2204 593 2249 ὅθεν
613 2207 646 2249 ίνα
660 2204 686 2263 μὴ
701 2208 785 2265 νομίσῃς
799 2206 844 2264 περὶ

103 2279 187 2338 οοεύχῆς
201 2278 266 2335 λέγειν
283 2275 346 2322 αὐτόν
364 2275 454 2334 άλχδως,
477 2274 571 2333 ἐπήγαγε·
594 2283 709 2333 στεναγμοῖς
727 2276 843 2335 άλαλήτοις,

130 2355 163 2397 ἵνα
182 2354 226 2411 είπχγ
246 2348 277 2395 ότι
295 2347 401 2412 άπορρύτῳ
419 2346 487 2410 τρόπῳ
505 2347 570 2393 ἐκεῖνα
585 2346 694 2406 ἐφέλκεται·
719 2347 741 2394 τό
758 2347 797 2408 γάρ
812 2348 845 2394 ἐπί

130 2429 172 2476 ταῖς
191 2422 309 2483 μελλούσαις
328 2423 453 2481 ἐπαγγελίαις
472 2419 522 2466 κατά
537 2420 609 2478 γετὸν
624 2419 714 2478 παρόντα
729 2423 774 2480 βίον
788 2425 844 2467 δεδο-

130 2496 191 2556 μένον
204 2496 251 2555 ἡμῖν
265 2496 370 2554 παρέχεται
384 2495 464 2547 πάντως
477 2493 525 2552 ἡμῖν
540 2495 610 2539 ἐκεῖνα.
640 2496 681 2539 Καί
694 2494 717 2539 τό
728 2501 845 2553 στεναγμοῖς

131 2568 153 2614 δέ
167 2567 283 2621 άκολούδως
301 2572 328 2629 τῷ
343 2570 470 2629 σχηματισμῷ
485 2564 512 2620 ως
526 2566 557 2612 ἐπί
572 2565 630 2625 εὐχῆς
645 2566 694 2625 ἐφη,
715 2566 782 2626 ἐπειδὴ
802 2584 845 2620 πως

104 2639 180 2700 κεμετόι
197 2644 311 2698 στεναγμόν
328 2639 432 2698 εύχόμευοι
450 2638 562 2685 άκούεσδαι
580 2641 694 2697 νομίζονται
709 2645 795 2699 μάλλον,
818 2638 845 2692 ως

177 2751 192 2774 ο.
204 2740 257 2781 δρία,
269 2751 283 2773 ο.
295 2741 349 2774 cram.
362 2751 377 2781 p.
390 2740 425 2772 1λ3.
456 2748 481 2773 ιο,
494 2739 548 2781 Spin..
560 2748 574 2771 υ.
587 2738 641 2772 Cram.
653 2750 669 2781 p.
682 2740 719 2773 λλλ.
751 2750 776 2773 ιι.
788 2741 845 2773 Libri:

131 2796 194 2846 ἑτέρου.
218 2806 243 2831 2³.
255 2799 300 2831 Loco
311 2793 350 2844 εύχῇ
362 2798 431 2841 praebet
443 2798 497 2841 δρίος
516 2793 569 2842 οίρχίχ,
581 2807 595 2832 α.
608 2797 674 2834 Gram:
692 2794 739 2845 άρχῆ.
763 2799 845 2834 Auferte

131 2861 228 2905 legendum:
241 2856 289 2901 είκῆλ
312 2865 337 2894 2⁵.
349 2859 367 2894 V.
379 2858 412 2893 τῶν
424 2868 457 2893 non
469 2859 521 2893 hahet
533 2868 546 2893 ο.
560 2858 587 2893 Gr.
