1773 3073
145 104 167 140 90
365 102 479 137 THEOlJORl
490 103 639 139 MOPSVESTENI

146 212 236 270 μένοιεν,
252 208 300 252 ῶστε
315 206 375 251 οὐδέν
390 205 481 260 ἀπεικός,
503 209 595 260 πλείονας
610 206 661 253 εῖναι
676 208 708 252 καὶ
722 209 761 251 νῦν
776 204 823 259 τοδς
839 204 863 250 οά

147 281 281 343 βουλομένους
295 285 337 331 τοῖς
351 280 395 338 περὶ
409 284 444 338 ταῖς
459 281 558 338 εὐσεβείας
573 282 687 338 λεγομένοις
701 281 817 324 πεῖδεσδαι·
839 277 863 322 οὐ

146 354 186 412 μὴν
205 358 248 403 ταῖς
265 353 309 411 περὶ
328 351 351 396 τό
370 352 427 410 γένος
447 353 571 411 ἐπαγγελίαις
589 358 626 399 τοῦ
644 357 695 399 δερῶ
710 350 806 410 διαβολήν
820 369 865 396 τινα

147 427 200 485 φέρει
215 423 238 469 τό
252 424 385 483 γιγνόμενον·
406 429 443 470 τοῦ
458 425 494 482 μέν
508 424 547 483 γδιρ
564 426 623 484 ἔργον
637 425 660 473 τό
675 423 772 484 γρησιμον
788 424 808 469 ἐν
823 429 865 475 τοῖς

132 494 262 545 επιστεόουσι
281 498 426 559 διαδείκνυται,
446 494 458 554 ἡ
473 496 494 542 δέ
509 513 530 554 γε
544 502 585 542 τῶν
599 501 675 542 λοιπῶν
690 495 770 541 ἀπιστία
786 495 866 552 έλεγχον

147 567 185 625 έηει
198 570 233 624 της
248 564 315 612 αὐτῶν
329 570 408 620 κακίας,
425 571 441 613 εῖ
455 569 517 627 μηδὲν
532 569 605 626 ὄφελος
620 568 660 614 ἀπὸ
674 573 709 626 τῆς
723 566 822 623 τοσαύτης
832 583 866 623 κη-

147 640 241 695 δεμονίας
256 638 354 692 ἐδέξαντο.

190 710 230 762 XI,
246 716 265 755 7.
299 711 357 764 Τινὲς
373 704 413 757 όπδ
431 716 505 770 πολλῆς
521 716 556 771 τῆς
573 709 643 764 ἀνοίας
661 701 724 764 οὕτως
740 709 866 767 ἀνέγνωσαν·

148 787 167 828 σι’
182 778 219 828 οάν
234 783 321 841 ἐπιζητεῖ
332 783 419 842 Ἰσραὴλς
435 783 559 839 συνάψαντες
574 783 638 845 τούτῳ
652 783 675 829 τό
690 783 702 829 δ
717 783 754 828 οὐκ
766 782 867 839 ἀπέτυχεν,

123 855 177 904 ιιέτι
191 855 224 899 καὶ
238 852 273 907 τός
288 854 349 910 λέξεις
363 856 399 909 ταῖς
414 855 547 909 ἀποστολικάς
562 856 704 914 ἀφανίσαντες,
723 858 756 901 ῖνα
772 853 809 913 την
824 854 867 900 ἑαν-

148 932 189 973 τῶν
207 925 285 971 ῖστάναι
303 926 388 981 δόξωσιν
405 928 486 983 ἀνοιαν,
501 930 534 973 καῖ
551 928 574 972 τό
592 928 603 972 δ
624 928 672 986 ὅπερ
693 934 756 971 κεῖται
773 925 812 985 πρδ
832 930 868 970 του

150 1001 236 1057 ἐπιζητεῖ
247 997 326 1058 Ἰσραὴλ
341 998 457 1057 ἀφελόντες,
472 1001 505 1044 καὶ
514 998 624 1051 τεθεικότες
636 998 658 1043 τό
674 1002 733 1043 τοῦτο
749 998 760 1043 δ
775 997 812 1043 οὐκ
827 998 869 1043 έπέ-

149 1089 216 1130 τνγεν,
232 1069 259 1123 ῶς
274 1070 300 1115 ἀν
314 1075 351 1116 ποῶ
365 1070 478 1116 ἀποστόλου
493 1072 593 1128 λέγοντος,
610 1073 629 1115 τί
643 1087 690 1115 ποτε
705 1066 742 1115 οάν
758 1065 797 1125 ἀρά
817 1070 869 1114 ἐστιν

149 1143 172 1187 τό
187 1141 242 1201 παρά
256 1146 294 1186 τοῶ
307 1141 386 1199 Ἰσραὴλ
401 1142 564 1199 έκεζητοόμενονς
585 1147 646 1186 τοῦτο
664 1141 688 1200 δὴ
707 1142 755 1199 ὅπερ
773 1141 810 1186 οὐκ
828 1142 871 1185 έπέ-

125 1232 216 1274 ιεσυηεν,
231 1212 347 1271 γελοιότατά
361 1231 384 1270 γε
399 1213 500 1271 οἰηθέντες
512 1213 549 1259 τόν
564 1213 677 1259 ἀπόστολον
692 1212 795 1259 δεικνύναι
810 1227 870 1258 σπου-

151 1287 219 1342 δόξειν
233 1285 256 1331 τό
271 1284 326 1342 παρὰ
340 1289 377 1330 τοῦ
391 1284 491 1373 Ἰσραηλ
485 1303 516 1330 επι
518 1285 681 1343 ζητούμενον,’
663 1305 681 1331 τι
675 1302 742 1331 ιποτε
757 1286 796 1374 ἀρα
811 1286 869 1337 ἐστιν,

151 1377 185 1406 και
179 1356 224 1405 ιοά
239 1356 394 1446 συνεωρακότες,
416 1357 446 1403 ότι
463 1358 503 1404 ἀπό
518 1363 558 1404 τῶν
572 1358 721 1447 προειρημένων
735 1358 785 1405 κατά
800 1363 870 1404 συλλο-

152 1432 225 1491 γισμόν
240 1429 289 1476 αάτδ
305 1430 409 1518 ἐπήγαγεν
431 1430 579 1518 Ἀυαγνωστὲρν
594 1434 632 1476 οὐν
647 1432 717 1484 ουτως·
732 1434 751 1476 τῖ
766 1427 811 1486 οὖν,
827 1431 872 1476 ἀντὶ

153 1508 190 1550 τοιῖ
206 1505 225 1548 τῖ
242 1502 351 1562 τοινυντδ
368 1503 389 1547 έκ
403 1506 443 1548 τῶν
457 1504 606 1562 προειρημένων
621 1502 668 1561 ἡμῖν
686 1502 831 1561 συναγόμενον
850 1503 872 1547 έν

128 1599 147 1627 20
155 1576 185 1629 οἷς
199 1578 239 1621 τῶν
253 1592 273 1618 τε
285 1572 422 1631 ἠπιστηκότων
432 1574 603 1632 κατηγορήσαμεν,
619 1576 651 1620 καὶ
661 1574 709 1627 τοός
718 1574 873 1626 πεπιστευκότας

155 1646 271 1694 δικαιότατα
285 1645 322 1703 τὴν
336 1650 376 1690 τῶν
391 1645 495 1703 δογμάτων
510 1645 608 1705 ἀληθειαν
618 1645 786 1706 προτετιμηκότας
801 1647 874 1700 έδεῖξα-

154 1739 198 1778 μενς
219 1718 332 1775 δέπιζητεῖ
343 1717 430 1777 Ἰσραὴλ,
450 1717 523 1763 τούτου
539 1718 577 1764 οὐκ
592 1719 691 1777 ἐπέτυχεν,
713 1719 744 1764 ὅτι
757 1724 799 1771 τοῖς
811 1718 875 1777 Ἰσρα-

154 1796 231 1851 ηλίταις
244 1796 311 1848 τυχεῖν
326 1789 363 1834 οὐκ
378 1790 454 1847 ἐγένετο
468 1790 551 1843 τοόιου,
572 1790 584 1836 δ
598 1790 622 1850 δὴ
638 1795 701 1850 ζητεῖν
719 1794 822 1846 δοκοῦσιν,
841 1792 875 1835 ῖνα

155 1869 200 1924 ελπη
215 1868 249 1921 τῖγς
264 1861 424 1921 δικαιοσύνης·
417 1862 487 1949 όμριον
504 1862 543 1921 γάρ
561 1864 601 1908 έστι
615 1867 651 1925 τῷ
668 1862 746 1921 Ἰσραηλ
761 1862 782 1908 δέ
797 1861 875 1908 διώκων

129 1936 219 1994 ιςνόμον
231 1933 368 1990 δικαιοσύνης,
385 1936 412 1985 εἰς
426 1933 490 1990 νόμον
505 1934 633 1992 δικαιοσύνης
648 1934 685 1979 οὐκ
700 1934 799 1992 έφδασευ
814 1936 875 1978 λεί-πει

157 2009 178 2054 δέ
192 2008 215 2053 τό
230 2005 310 2059 πάντες,
326 2008 360 2049 ἵνα
375 2022 387 2064 η
402 2006 475 2049 τούτου
490 2004 562 2058 πάντες
577 2006 614 2051 οὐκ
630 2006 732 2065 ἐπετυχου
748 2006 816 2063 έπάγει
830 2004 875 2063 γδρ,

155 2080 205 2145 ηδε
220 2076 312 2135 ἐκλογὴ
306 2077 406 2134 επέτυχεν,
422 2081 441 2122 οῖ
455 2078 476 2122 δέ
491 2079 556 2123 λοιποὶ
572 2078 671 2136 επωρωδι
673 2090 719 2131 σαν
731 2081 771 2123 ἵνα
787 2082 831 2137 ελπη
847 2076 877 2121 ότι

156 2106 227 2211 έτνχυν
246 2149 283 2207 μὲν
302 2152 337 2206 της
356 2147 476 2208 δικαιώσεως
495 2152 515 2194 οἷ
532 2153 567 2207 τῆς
585 2150 666 2208 ἐκλογῆς
686 2149 725 2195 ἀπό
745 2154 782 2195 τοιῖ
802 2152 876 2196 οἰκεῖον

155 2225 233 2285 τρόπον
252 2220 382 2279 νομισδέντες
402 2221 461 2276 ἀξιον,
484 2224 503 2265 οῖ
521 2222 543 2267 δέ
560 2223 625 2267 λοιποὶ
643 2222 714 2275 πάντες
734 2221 877 2281 ἀπεβληδησαν

131 2298 190 2352 γηδιά
205 2295 242 2355 τὴν
258 2294 335 2340 ἑαυτῶν
350 2295 428 2339 κακίαν.
644 2330 645 2333 ¹

199 2373 237 2425 XI,
254 2373 271 2414 9.
303 2366 345 2425 Οῶη
360 2365 386 2420 ῶς
401 2371 530 2425 προφητικῶς
545 2366 657 2424 εἰρημέναις
670 2365 765 2423 ἐχρήσατο
779 2373 822 2419 ταῖς
837 2385 877 2425 φω-

159 2449 211 2498 ναῖς,
226 2439 267 2486 ἀλλ’
283 2437 310 2493 ῶς
323 2437 469 2496 ἀρμοττοόσαις
482 2438 551 2492 αὐτοῖς
565 2438 603 2484 ἀπό
617 2442 657 2483 τῶν
670 2437 793 2496 πραγμάτων
805 2444 832 2501 τῷ
845 2440 876 2484 καὶ

160 2517 201 2570 περὶ
211 2514 312 2559 Ἰουδαίων
323 2511 385 2565 αότάς
398 2515 498 2571 εἰρῆσθαι,
514 2509 566 2570 ὁμοῦ
580 2511 661 2557 κάκεῖνο
676 2511 755 2563 δεικνὺς
770 2511 800 2556 ότι
814 2511 876 2570 μηδέν

206 2645 219 2668 κ.
232 2635 249 2667 V.
261 2630 310 2677 έργυυ
322 2635 338 2667 in
351 2636 394 2677 Spin·
407 2645 440 2668 non
452 2636 518 2679 legitur.
543 2642 568 2667 το.
581 2634 628 2666 Haeo
639 2634 723 2676 posterior
735 2634 827 2676 fragmenti
839 2642 877 2675 μακε

161 2699 211 2732 etiam
225 2696 240 2727 ἰν
253 2704 266 2727 ν.
279 2696 323 2728 λλον.
336 2697 358 2737 (ο.
372 2696 425 2730 Eram.
438 2707 453 2738 p.
466 2694 510 2741 392.)
522 2698 583 2729 exstat:
597 2693 617 2727 (δ.
629 2689 718 2736 Μονάγον.
744 2693 766 2726 ‘st'
778 2684 808 2727 οάν
820 2702 878 2736 φησιν,

162 2755 199 2793 ἀντὶ
214 2752 244 2788 τοι]
258 2751 274 2785 τί
288 2744 318 2788 νόν
333 2750 384 2788 ἐκ-,
413 2754 532 2790 mamea:
551 2752 570 2789 τὸ
586 2762 642 2797 συναγ.
673 2760 697 2788 κο,
711 2754 729 2787 V.
741 2749 759 2787 ἐν
771 2749 817 2794 οἶςο
835 2753 879 2795 Spic.

162 2821 228 2853 absunt.
258 2815 362 2853 2⁵·1⁰‚31.
393 2810 617 2852 27,V.5mon}.c.M⁰11.
648 2815 702 2850 κεῖ.
719 2815 764 2852 λλον,
782 2812 813 2850 τοιῖ
829 2812 879 2859 ἰδίουι

163 2890 187 2916 το,
201 2884 217 2918 G.
231 2883 284 2918 λλον.Ζ
298 2871 360 2909 11in
