1773 3073
130 110 162 146 15‘2
349 112 459 146 THEODORI
476 112 624 147 MOPSVESTENI

131 238 166 272 τας
180 219 235 271 τινάς
249 217 303 263 πάνυ
317 236 339 276 γε
354 218 485 277 ἀποδέχομαι,
501 217 586 276 μάλιστα
601 219 682 264 πάντων
693 218 717 263 οό
727 218 849 278 πειθόμενος

133 292 162 338 ότι
182 290 192 335 ό
210 290 246 335 τόν
266 289 360 348 δεύτερον
377 290 444 349 γάμου
463 289 536 348 ὁμοίως
556 291 661 350 ἐπιτρέψας
680 295 719 352 τῷ,
730 291 812 353 πρώτφ,
833 294 850 336 εί

132 367 219 422 νομίμως
237 365 335 421 γίγνοιτο,
356 366 383 416 είς
401 363 511 421 ἐπισκοπὴν
529 364 622 421 παριέναι
638 363 673 409 τόν
691 368 785 408 τοιοῦτον
802 363 850 414 ἐκώ-1

132 443 197 481 λυσεν.
226 434 251 480 ‘0
265 435 303 494 γάρ
319 436 388 481 είπών·
408 436 458 494 λέγω
473 436 494 481 δέ
508 442 552 489 ταῖς
567 435 652 495 ἀγάμοις
665 438 698 482 καί
712 443 755 489 ταῖς
769 434 848 494 χὴραις,

117 511 163 555 τκαί
179 507 231 565 δμοδ
249 507 341 562 συνάψας
362 508 436 560 αότοδς
450 510 483 553 καὶ
498 508 534 553 ἐνα
548 508 612 567 νόμον
627 509 734 566 ἐξενεγκὼν
752 511 811 566 δὴλος
825 503 850 566 ὴν

132 581 153 627 έν
168 600 184 640 τι
197 572 324 639 ἀμφοτέρους
337 579 456 640 ὴγοάμενος.
485 580 585 634 Εἰκότως·
600 582 619 625 τί
630 580 669 640 γάρ
680 580 791 627 διαλλάττει
800 579 851 625 κατά

131 664 153 710 γε
167 654 204 711 τὴν
218 659 253 711 τὴς
267 653 347 711 φάσεως
362 653 428 711 όρεξιν
442 653 456 711 ὴ
472 654 564 698 καθόλου
583 653 610 711 μὴ
628 654 742 711 ἐσχηκέναι,
763 653 777 711 ὴ
797 655 852 710 ἐσχη-

132 726 188 771 κέναι
203 726 249 783 μέν,
265 725 416 784 ἀποβεβληκότα
431 727 453 771 δέ
467 725 505 771 οὐκ
520 726 579 784 έχειν;
599 727 640 771 ἐπεὶ
659 726 692 770 καὶ
708 728 814 783 συντυχίας
828 724 851 770 τό

132 803 212 843 τοιοῦτο
227 798 303 856 μάλλόν
313 800 366 843 ἐστιν
380 798 394 858 ὴ
407 798 494 857 γνώμης.
523 797 546 843 Ὁ
560 799 596 856 μέν
610 798 649 856 γάρ
665 797 751 856 ἐσχηκώς
766 797 851 843 ἐπιπολό

108 870 170 929 ςρτὴν
180 871 253 916 ἐαυτοῦ
264 870 367 929 βιώσασαν
377 878 470 929 γυναῖκα,
487 870 598 916 ἀπέλαυσεν
613 869 675 928 αάτὴς
690 869 719 928 ἐφ’
731 869 780 916 ὅσον
795 868 852 927 έβοό-

133 949 188 997 λετο,
211 941 222 988 ὁ
237 943 258 987 δέ
273 943 322 1000 μετά
337 943 401 1001 βραχιλ
416 943 511 995 πολλάκις
526 942 590 999 αὐτὴν
605 942 715 999 ἀποβαλών
730 944 749 996 ἐξ
764 941 853 999 ἀνάγκης

134 1017 164 1060 ἐπὶ
179 1014 215 1060 τόν
230 1019 264 1072 τὴς
279 1015 372 1072 δευτέρας
388 1016 463 1072 ἐρχεται
477 1014 554 1071 γάμον*
577 1014 617 1059 ἐστι
632 1014 654 1059 δέ
668 1018 731 1059 ταῦτα
747 1016 853 1070 συντυχίας

135 1086 159 1132 οό
173 1085 254 1143 γνώμης
268 1085 427 1144 κατορθώματα,
451 1085 500 1144 άπερ
516 1084 610 1140 ἐξετάζων
626 1083 636 1130 δ
651 1083 749 1143 μακάριος
764 1083 787 1130 δι’
804 1084 853 1131 όλου

134 1161 227 1217 φαίνεται
237 1163 330 1211 Παῦλος,
345 1157 381 1202 τόν
396 1161 422 1210 είς
437 1157 546 1215 ἐπισκοπὴν
560 1156 702 1216 παραγόμενον
717 1155 802 1215 μάλιστα
813 1155 853 1201 ἀπό

110 1228 232 1282 ιςιοιοόιωυ
242 1231 374 1287 γνωρίζεσθαι
385 1233 427 1277 δεῖν
439 1228 561 1288 ἡγούμενος
577 1230 617 1275 ἐπεὶ
627 1230 661 1275 καί
674 1228 753 1287 γέλοιον
767 1231 854 1286 νομίζειν

137 1308 220 1348 Παῦλον
230 1303 305 1360 νόμους
319 1302 398 1347 τιθέναι
412 1302 439 1360 μὴ
454 1303 536 1359 γνώμην
551 1302 693 1360 δοκιμάζοντα,
709 1301 750 1347 ἀλλ’
766 1301 805 1346 άπδ
819 1305 854 1358 τὴς

136 1378 241 1434 συντυχίας
254 1374 291 1433 τὴν
306 1373 405 1432 διάκρισιν
417 1373 556 1432 ἐργαζόμενον.
586 1377 612 1420 Ei
625 1374 664 1432 γάρ
679 1392 709 1427 τις
724 1375 786 1419 έκεῖνο
801 1374 855 1431 λέγοι

137 1448 167 1492 ότι
181 1447 240 1506 μικρά
255 1448 337 1503 καὶτῆς
352 1449 458 1504 συντυχίας
473 1449 582 1505 φροντίσας
596 1449 689 1498 πλείονος
703 1450 738 1504 τὴς
753 1445 855 1504 ἀκριβείας

137 1519 277 1577 ἐπιμελόμενος
298 1520 327 1563 ἐπὶ
347 1523 384 1563 τοδ
404 1518 513 1563 ἐπισκόπου
531 1518 630 1576 ἐνόμισεν,
655 1518 717 1563 αὐτόν
738 1518 792 1570 ὅπως
808 1518 856 1562 ποτέ

111 1597 172 1652 ιομιηλ
185 1595 226 1636 δεῖν
236 1591 394 1649 κεκοινωνηκότα
404 1593 493 1648 γυναικὶ,
510 1591 606 1646 ἀκουέτω,
623 1591 653 1635 ότι
667 1591 718 1635 κατά
732 1595 805 1635 τοῦτον
820 1590 855 1634 τόν

93 1663 95 1668 ’
137 1665 198 1722 λόγον
216 1662 262 1716 οὐδὲ
280 1663 329 1721 μετά
350 1666 484 1721 βαπτίσματος
501 1668 594 1708 τοιουτου
610 1663 761 1721 παραγενέσθαι
778 1666 856 1708 δίκαιον

137 1732 167 1792 ἦν.
198 1735 227 1779 Οό
246 1736 285 1793 γάρ
300 1735 324 1791 δὴ
340 1735 362 1779 τό
378 1735 478 1792 βάπτισμα
492 1735 506 1791 ὴ
522 1735 559 1779 οὐκ
574 1734 625 1779 εἶναι
640 1734 703 1779 αὐτόν
718 1736 776 1779 δυσίν
793 1752 856 1779 κεκοι-

137 1806 241 1865 νωνηκότα
253 1813 307 1852 ποιεί
318 1808 418 1864 γυναιξὶν,
434 1806 447 1864 ὴ
461 1807 516 1865 παρά
530 1810 591 1851 πάσιυ
606 1805 633 1859 ώς
647 1810 683 1866 μιηῖ
697 1806 856 1864 κεκοινωνηκότα

137 1879 325 1937 ἀπολαμβάνεσθαι,
348 1884 415 1940 πολλῷ
435 1880 457 1924 δέ
476 1879 536 1924 πλέον
555 1879 591 1924 τόν
610 1883 646 1939 μιᾷ
665 1879 702 1936 μέν
721 1879 856 1937 συγγεγονότα

112 1951 188 2011 ηςκατά
207 1951 243 2008 τὴν
261 1950 348 2008 νόμιμον
368 1951 489 2009 συνάφειαν,
511 1956 593 2003 πολλαῖς
612 1952 633 1995 δέ
650 1951 725 2008 ἑτέραις
742 1950 856 2003 ἀκολάστως

139 2022 288 2080 συμπλακέντα·
310 2024 341 2067 καλ
357 2021 460 2080 πρόδηλον
475 2024 505 2068 έπλ
520 2027 548 2084 τῷ
562 2021 653 2084 τοιοότφ
662 2020 759 2080 γεγονότα
778 2025 815 2084 βίφ
830 2025 857 2075 είς

137 2094 175 2153 τὴν
190 2093 299 2151 ἐπισκοπὴν
313 2094 440 2153 παράγεσθαι
455 2094 492 2152 οὐχ
506 2094 563 2139 όσιον
577 2094 628 2138 κατά
642 2112 664 2151 γε
677 2093 713 2138 τόν
723 2094 787 2139 αὐτόν
796 2095 857 2152 λόγου

138 2167 172 2213 διά
189 2166 212 2212 τό
228 2170 266 2211 που
284 2168 417 2224 βαπτίσματος
434 2166 566 2224 τετυχηκέναι
588 2168 604 2211 εί
622 2165 661 2224 γάρ
680 2166 704 2224 δὴ
719 2165 755 2211 τόν
769 2169 858 2224 νομίμως

138 2241 183 2285 δυσί
204 2239 344 2297 συμπλακέντα
364 2237 474 2297 σωφρόνως
493 2256 514 2283 τε
533 2237 603 2290 αόταῖς
622 2236 742 2296 συνεζηκότα
762 2239 857 2297 προθέσει

112 2312 217 2372 χχγνώμης
235 2311 333 2371 φάσκοιεν
353 2310 376 2356 δι’
395 2310 498 2370 ἀκρίβειαν
517 2311 548 2355 ἐπὶ
566 2309 602 2368 τὴν
620 2310 731 2369 ἐπισκοπὴν
749 2310 786 2357 οάκ
806 2310 858 2357 είναι

138 2385 217 2436 δεκτόν,
232 2389 300 2445 πολλῷ
314 2384 375 2429 πλέον
389 2383 425 2428 τόν
440 2384 473 2427 καλ
488 2381 603 2434 ἀκολάστως
618 2382 718 2439 βιώσαντα
734 2383 758 2427 οὐ
773 2384 857 2440 θεμιτόν

139 2457 243 2502 ἐπὶτοῦτο
263 2455 399 2514 προάγεσθαι,
421 2454 487 2513 ἐπειδὴ
508 2459 545 2499 τοό
564 2456 699 2512 βαπτίσματος
718 2453 773 2517 αὐτῷ
791 2462 857 2513 τυχεῖν

139 2528 221 2586 ἐγένετο.
253 2530 293 2573 Καὶ
303 2532 366 2573 ταδτα
375 2528 412 2585 μέν
423 2526 511 2585 είρὴσθω
521 2527 565 2584 περὶ
575 2530 612 2571 τοῦ
622 2530 668 2583 μιάς
678 2526 774 2583 γυναικός
784 2526 856 2584 άυδρα,

139 2595 164 2644 οδ
183 2600 206 2658 δὴ
224 2601 260 2658 τὴν
275 2602 380 2659 έρμηυείαν
395 2600 518 2658 σαφέστερον
532 2602 594 2644 εἰπεῖν
611 2597 721 2655 ἀναγκαίου
738 2598 857 2658 ἡγησάμεθα

113 2704 132 2730 :35
139 2672 200 2733 μικρά
213 2678 248 2731 τὴς
257 2673 369 2730 κρατοόσης
379 2671 433 2730 παρά
443 2678 485 2725 τοῖς
495 2676 576 2724 πολλοῖς
587 2672 729 2728 φροντίσαντες
743 2673 856 2728 συνηθείας.

184 2854 199 2878 ι.
213 2847 219 2877 ·Ι
236 2845 273 2878 Cor.
286 2846 305 2885 λ,
318 2849 333 2879 Β.
358 2852 383 2877 τι.
400 2845 430 2878 His
447 2850 506 2879 αιτιοι
522 2848 592 2877 catenae
608 2843 651 2876 hanc
668 2844 741 2877 subiecit
752 2843 809 2876 αοιαιιι
822 2852 858 2876 cen-

138 2907 210 2938 ιοιίιιαιι
232 2902 265 2937 Καὶ
277 2904 331 2937 ταῦτα
343 2902 372 2946 μέν
385 2902 475 2946 Θεόδωρος
488 2901 567 2945 ἀντικρὺς
579 2904 614 2940 τοῖς
626 2898 702 2945 ἐναργέσι
716 2902 819 2946 μαχόμενος,
835 2901 855 2946 τὴ
