1723 3073
218 112 239 145 ΙΝ
251 111 374 146 ΕΡΙδΤΟλΑδῘ
387 113 394 144 Ι
406 112 434 145 ΑΙ)
448 111 585 147 ΟΟΒΙΝΤΗΙΟὸ,
725 108 755 143 111

39 218 76 258 τοῦ
94 213 157 273 ἠπίως
176 219 218 265 τοίς
237 212 367 273 διαβάλλουσι
385 215 526 274 διαλεγόμεθα,
546 219 712 271 παρακαλοῦντες
730 215 757 271 μη

39 284 202 340 ιιαταψεῦδεσθαι
216 283 279 344 ἡμῶν.

85 358 112 404 Τὸ
127 360 228 417 περίψημα
243 358 265 403 ἐν
278 363 393 419 μεταφοραῖς
407 363 482 419 είρηται
496 363 536 406 τάν
549 359 585 413 τάς
594 357 692 417 τραπέζας
706 356 756 415 μετά

40 430 76 475 τόν
90 435 127 475 ’τοῦ
141 437 213 488 φαγεῖν
227 430 299 489 ααιρόν
314 430 438 485 ἀποδεόντων
453 434 484 477 ναί
500 432 666 491 ἀπορριπτόντων
680 429 708 483 ἀς
722 447 754 476 πε·

39 500 96 557 ριττά
111 501 211 560 ἀηγματα,
775 511 783 537 5

80 577 106 627 V,
123 580 140 619 5.
169 572 308 632 Ἐδυσωπησεν
326 579 349 634 τη
367 574 435 634 μνήμη
452 578 488 619 τοῦ
506 578 602 631 Χριστοῦ,
624 574 674 620 α’ίστε
688 574 715 634 μη
730 579 756 634 τῇ

40 644 106 705 γάριτι
119 651 144 706 τη
158 646 209 706 πρὸς
224 648 300 692 ίαεῖνον
315 649 406 706 παριδεῖν
420 645 443 690 τό
454 647 508 698 δίον,
524 650 651 704 παραδοῦναι
664 646 700 692 τόν
714 665 755 692 τοι-

40 722 101 764 οῦτον
113 724 141 779 τῷ
155 724 237 780 Σατανᾷ
250 722 278 771 είς
290 719 377 774 όλεθρον
390 722 425 776 τῆς
437 717 518 775 σαρκός,
534 722 567 763 ἵνα
577 718 599 763 τό
609 724 687 776 πνεῦμα
698 723 755 778 σωθῇ

40 790 62 836 ἐν
81 794 105 850 τη
123 788 186 852 ἡμέρη
205 795 241 835 τοῦ
261 793 332 848 μορίου
350 788 407 848 ἡμῶν
421 789 485 848 Ἰησοῦ
501 795 595 846 Χριστοῦ.
626 790 654 836 Τό
668 791 705 849 μὲν
718 808 755 836 πα-

40 867 139 921 ραδοῦναι
153 867 180 924 τῷ
196 868 279 924 Σατανᾷ
294 862 331 921 οὐχ
345 860 372 915 ἀς
387 861 447 915 αῦτδς
460 867 520 908 τοῦτο
534 863 628 920 γενέσθαι
643 862 713 922 ὁρίζων
729 862 754 908 εί·
763 875 782 904 1⁰

40 952 87 989 πεν,
103 934 144 980 ἀλλ’
156 934 182 987 τός
192 935 218 980 ἀν
228 939 255 996 τῷ
267 940 302 992 της
315 936 418 992 ἐκκλησίας
433 936 542 993 ἀξιωθῆναι
557 935 590 981 διά
604 940 639 993 της
652 940 689 980 τοῦ
703 940 755 980 θεοῦ

41 1005 188 1064 ἀλλοτριώσεως
202 1005 243 1052 ῦπῦ
257 1006 295 1065 τὴν
309 1011 345 1052 τοῦ
356 1012 439 1053 Σατανά
453 1008 562 1066 γενομένην
577 1009 677 1062 ἐξουσίαν’
691 1006 704 1065 ἡ
719 1007 755 1065 μὲν

40 1078 79 1135 γάρ
97 1078 142 1135 παρ’
163 1078 227 1123 αῦτοῦ
244 1082 329 1135 τιμωρία
347 1074 373 1135 ἦν
389 1078 412 1123 τό
426 1084 461 1134 τῆς
476 1080 578 1135 ἐναλησίας
592 1078 654 1122 αὐτόν
674 1080 754 1133 ἐξῶσαι,

41 1149 62 1194 εἰι
77 1150 98 1194 δὲ
112 1148 186 1195 τοῦτον
200 1149 279 1203 τιάντως
294 1151 357 1196 ίαεῖνο
378 1151 505 1208 συνέβαινεν·
527 1149 538 1195 ό
558 1150 625 1207 μέντοι
644 1148 755 1202 ἀπόστολος

42 1220 85 1266 ἀντὶ
99 1226 134 1279 τῆς
148 1225 242 1280 τιμωρίας
256 1222 279 1266 τό
294 1221 406 1280 ἀποβαῖνον
421 1221 482 1277 εἶπεν,
504 1221 553 1267 ἀίστε
569 1227 657 1280 φοβῆσαι
671 1226 753 1280 μῦλλον.
762 1234 781 1263 ιο

39 1292 122 1348 Έξῦσαι
137 1294 158 1339 δὲ
173 1295 234 1351 φησίν
249 1292 321 1348 αὐτόν,
343 1292 380 1338 οῦν
395 1292 526 1351 ἀλλοτριῶσαι
539 1292 603 1351 πάντη
622 1291 754 1352 βουλόμενος,

40 1364 81 1411 ἀλλ’
103 1369 137 1411 ἵνα
156 1371 193 1411 τοῦ
214 1369 287 1410 οίαείον
308 1364 428 1423 αἰσθόμενος
445 1367 618 1423 πλημμελήματος,
639 1368 756 1425 μεταμελείᾳ

39 1439 78 1482 τινί
96 1436 146 1482 αατά
165 1436 201 1482 τόν
219 1436 309 1495 παρόντα
327 1440 372 1494 βίον
389 1437 500 1495 σῦντριψας
518 1436 599 1491 ἑαυτὸν,
622 1440 702 1495 δυνηθῇ
722 1441 757 1494 της

39 1508 150 1567 μελλούσης
165 1511 262 1567 σωτηρίας
278 1509 334 1563 ἀξιον
349 1508 422 1554 ἑαυτόν
436 1512 563 1567 ιιαταστῦσαι.
587 1508 691 1568 ’Όλεθρον
703 1506 757 1553 εἶπεν

39 1581 114 1640 σαρκὸς
130 1581 167 1640 τὴν
184 1581 235 1627 αατά
251 1581 287 1626 τόν
304 1580 395 1638 παρόντα
413 1584 457 1639 βίον
472 1581 507 1626 διὰ
521 1586 555 1639 τῆς
570 1577 697 1638 μεταμελείας
711 1590 785 1625 συν-λθ

39 1652 117 1712 τριβήν,
146 1655 193 1698 ΚαίἸ
202 1653 269 1712 ἐπειδὴ
283 1651 296 1712 η
312 1652 419 1706 ἀνάστασις
433 1652 490 1711 ἡμῶν
504 1658 528 1713 τῇ
543 1657 579 1698 τοῦ
594 1652 706 1711 πνεῦματος
723 1656 757 1698 δυ-

39 1727 98 1783 νάμει
112 1726 207 1783 γενέσθαι
224 1726 298 1783 με’λλει,
318 1725 413 1777 πολλάαις
431 1726 462 1769 ἐπὶ
479 1730 514 1787 της
533 1724 659 1776 ἀναστάσεως
672 1726 705 1769 ναὶ
722 1728 758 1782 τῆς

40 1795 153 1850 ἀθανασίας
170 1796 207 1855 τὴν
225 1801 261 1841 τοῦ
278 1795 392 1854 πνεῦματος
408 1797 506 1856 λαμβάνει
523 1800 630 1856 σημασίαν·
653 1796 717 1850 οὕτως
736 1798 757 1842 ἐν
810 1840 814 1846 ,

39 1875 64 1929 τη
82 1869 133 1927 πρός
148 1868 260 1925 Ῥωμαίους
278 1870 348 1925 φησιν’
369 1867 426 1926 ῦμεῖς
444 1869 465 1913 δὲ
483 1868 520 1913 οῦα
534 1869 577 1913 ἐστὲ
592 1870 613 1913 ἐν
628 1870 693 1927 σαρκί,
715 1867 756 1913 ἀλλ’

40 1942 62 1986 ἐν
72 1939 178 1998 πνεῦματι,
194 1939 238 1985 ἀντί
250 1944 287 1985 τοῦ
302 1942 338 1994 ἔξω
352 1945 387 1998 της
401 1945 438 1985 τοῦ
452 1941 545 1985 θανάτοο
559 1940 663 1998 γεγονότες
677 1940 785 1999 ἀποφά-λο

40 2025 99 2068 σεως,
115 2013 136 2058 ἐν
151 2014 214 2057 ἐλπίδι
228 2016 263 2069 τῆς
278 2011 391 2064 ἀθανασίας
404 2011 545 2071 ααθεστηαατε.

81 2089 107 2139 V,
124 2092 142 2130 8.
170 2083 298 2136 Ἀνολοῦθως
311 2086 344 2129 παὶ
358 2088 397 2129 νῦν
411 2083 508 2143 ἐχρήσατο
522 2090 547 2144 τῇ
558 2085 651 2145 ἐπαγωγῇ
661 2085 710 2144 μετά
719 2086 759 2144 την

40 2156 153 2216 ἀπόφασιν·
175 2154 201 2210 ἀς
215 2156 255 2215 γάρ
269 2155 349 2215 παράν,
373 2155 425 2202 οῦτω
439 2156 490 2214 πρός
504 2156 552 2210 τοῦς
566 2157 668 2216 παρόντας
685 2158 756 2204 λοιπόν

40 2229 159 2287 διαλέγεται,
181 2231 213 2274 ααὶ
230 2232 300 2287 φησὶν,
322 2227 374 2289 ότῷ
389 2233 443 2290 νανηῦ
458 2230 582 2287 συνημμένος
596 2229 647 2274 αατά
664 2230 756 2275 διάθεσιν

39 2300 152 2360 ἀναγκαίαν
171 2301 247 2360 δέχεται
265 2305 292 2362 τῷ
307 2299 372 2361 χρόνῳ
387 2300 423 2359 την
437 2300 488 2358 πρός
505 2300 568 2346 αῦτδν
585 2305 702 2348 ιιοιυωνίαν·
723 2305 783 2348 καίεο

39 2373 160 2419 ἀαολουθῦν
178 2378 206 2435 τηί
223 2376 380 2433 παραδείγματι,
402 2372 442 2418 ἀπό
459 2377 499 2417 τῶν
515 2373 638 2433 πραγμάτων
653 2374 691 2432 την
705 2375 756 2431 πρὸς

39 2446 116 2499 αῦτοῦς
129 2452 215 2492 ποιεῖται
229 2447 351 2504 παραίνεσιν.

81 2521 119 2571 Vl,
137 2526 153 2563 1.
171 2525 188 2565 λ.
220 2518 326 2577 Ζητησειεν
340 2517 366 2563 ἀν
380 2536 410 2570 τις
423 2519 477 2570 τίνος
491 2517 557 2563 ἕνεκεν
572 2519 594 2564 ἐν
608 2524 631 2578 τη
646 2519 697 2579 πρός
709 2519 756 2567 Ῥω-

39 2593 112 2650 μαίους
121 2594 188 2636 πάσαν
201 2591 293 2646 ἐξουσίαν
308 2588 347 2635 ἀπό
362 2593 413 2635 θεοῦ
428 2589 511 2649 φάσνων
526 2589 577 2637 εἶναι
590 2594 624 2638 ναί
639 2591 719 2655 σφόδρα
734 2612 756 2653 γε

84 2771 97 2797 ε.
111 2763 145 2799 Cat.
158 2762 222 2798 δεσμοὶ
235 2760 264 2806 εἰρ.
276 2759 339 2802 ταῦτας
350 2759 387 2801 τολς.
411 2768 425 2796 6.
438 2761 454 2796 C.
468 2761 523 2796 διευς.
535 2773 551 2806 η,
563 2763 589 2797 92.
615 2774 639 2799 ιτ.
651 2767 696 2800 Loco
709 2777 723 2801 v.
735 2764 754 2801 τό

40 2824 56 2857 in
69 2828 100 2858 cat.
113 2824 174 2866 legitur
185 2819 223 2866 γάρ,
248 2831 272 2857 17.
285 2823 329 2858 Gan:
346 2817 388 2857 ἀλλά
398 2821 434 2857 τοῦ.
458 2831 483 2858 τι.
496 2826 543 2858 Rom.
554 2825 573 2862 8.
586 2827 602 2860 λλ,
631 2834 655 2860 ιτ,
669 2828 753 2862 [LCram.

29 2893 55 2926 ρ.
67 2883 92 2917 95.
120 2892 143 2916 τι.
157 2883 173 2916 G.
187 2883 241 2919 δεεστ.
254 2893 269 2926 μ.
282 2884 317 2917 101,
