1723 3073
234 145 259 179 ΙΝ
268 144 390 179 EPISTOLAM
402 144 436 177 ID*
443 143 552 180 ROMANOS.
728 135 750 171 73

38 248 176 302 ἀπελπίσασα,
187 246 262 305 ταύτην
276 248 402 307 ἀπεκδέχεται
415 253 454 295 τῦν
469 248 563 295 ἀπόντων
578 246 700 303 διόρθωσιν,
715 243 752 301 την

37 322 163 379 προσδοκίαν
177 322 217 365 τάν
236 319 356 377 μελλόντων,
378 320 409 367 ότι
427 320 581 380 ἀναστησόμενοι
599 317 673 371 πάντες
684 314 752 369 ἐίςτδ

37 390 89 437 εἶναι
104 390 215 437 ἀθάυατοι·
229 390 266 449 τὴν
280 391 318 451 χάρ
334 391 460 446 ἀποκάλυψιν
474 398 514 439 τῶν
527 397 578 438 υίῦν
592 395 629 437 τοῦ
639 393 691 436 θεοῦ
701 388 752 446 λέγει

37 462 74 522 τὴν
89 462 207 516 ἀνάστασιν,
223 461 314 509 καθόλου
327 464 364 523 τὴν
375 467 483 511 ,υἱοθεσίαν
497 465 534 523 την
548 464 663 511 ἀθανασίαν
677 465 751 512 καλοῦν,

39 535 105 595 ἐπειδὴ
120 539 171 581 υἱοῖν
185 534 237 582 είναι
251 539 326 594 νομίζει
339 536 427 583 θεοῦτό
443 536 558 590 ἀθανάτους
573 536 633 583 εἶναι·
655 536 705 582 ὅθεν
719 535 751 581 καί
771 545 779 572 5

39 608 131 667 όΛαβίδ
145 609 208 666 λέγει·
231 609 268 666 έγά
288 609 333 654 είπα
351 613 396 654 θεοί
411 610 453 654 έστε
467 611 500 654 καί
513 611 553 654 υίοί
567 608 654 664 ῦνίστου
667 609 751 663 πάντες,

38 679 95 737 ῦμελς
109 681 131 725 δέ
145 679 172 733 ἀς
186 680 291 737 ἀνθρωποι
307 679 454 738 ἀποθνησκετε,
469 678 496 732 ἀς
511 680 536 725 ἀν
551 680 588 725 οὐκ
603 682 682 738 έχοντος
691 679 752 736 λόγον

39 757 75 798 τοῦ
90 750 226 810 ἀποθνήσκειν
240 751 288 804 τοῦς
302 750 360 803 υίοῦς
374 755 410 795 τοῦ
425 755 475 796 θεοῦ
489 753 652 809 χρηματίσαντας.

81 826 137 879 VIII,
153 828 186 868 20.
214 821 298 881 Ἀμέλει,
314 824 384 882 φησίν,
404 822 463 868 οῦδὲν
479 823 507 868 έτι
520 830 584 869 ποιεῖν
597 821 647 882 ῦπέρ
662 822 719 883 ἡμῶν
734 824 753 868 οί

40 896 120 954 ἀγγελοι
134 893 259 953 ἀνεχόμενοι,
275 894 309 940 διά
323 894 359 953 τὴν
375 897 492 953 ἐπαγγελίαν
506 895 580 954 ταύτην
595 900 672 941 εἵλαντο
686 895 778 940 πάυτατο

40 975 115 1022 ποιεῖν,
135 970 222 1025 καίτοιγε
241 969 286 1026 περὶ
302 966 327 1013 τά
347 966 421 1026 μοίταια
434 966 491 1026 ἡμῶν
511 967 673 1026 ἀσχολουμένων,
693 972 753 1012 τοῦτο

40 1041 91 1086 κατόι
105 1039 142 1098 τὴν
156 1045 192 1085 τοῦ
206 1044 257 1085 θεοῦ
273 1041 390 1097 ἐπαγγελίαν
405 1039 566 1099 ἀπεκδεχόμενοι,
581 1040 603 1085 τό
616 1040 681 1085 πάντα
691 1040 753 1085 ἀπαλ-

41 1118 126 1171 λαγῆναι
140 1116 221 1171 φθορᾶς
235 1114 268 1157 καὶ
282 1116 397 1170 μεταβολῶν
410 1113 445 1157 καί
457 1117 540 1171 τροπῆς,
556 1112 636 1158 ε’πειδάν
650 1112 683 1157 καί
697 1109 753 1169 ἡμεῖς
806 1169 807 1172 ¹

42 1184 161 1240 ἀξιωθέντες
175 1188 210 1241 τῆς
225 1183 362 1240 ἀνωστάσεως,
384 1182 484 1230 ἀθάνατοι
501 1189 526 1242 τῇ
544 1188 581 1229 τοῦ
600 1187 651 1229 θεοῦ
670 1182 754 1240 δυνάμει

42 1257 153 1315 γενοίμεθα.
290 1308 292 1313 ,
502 1276 503 1279 “
762 1267 780 1298 ιε

83 1330 140 1386 VIII,
156 1334 190 1376 21.
217 1326 383 1375 Ἇπαλλάττονται
402 1327 440 1387 γάρ
457 1329 515 1387 φησί,
535 1327 579 1375 τότε
596 1331 628 1375 καί
647 1327 705 1373 αάτοί
718 1331 755 1372 τοῦ

42 1400 184 1461 ῦπηρετεῖσθαι
198 1404 330 1460 φθοριμαίοις
343 1400 470 1459 πράγμασιν,
492 1400 572 1447 έπειδάν
585 1399 641 1460 ἡμεῖς
656 1399 757 1446 ἀθάυατοι

42 1473 147 1533 γενοίμεθα
164 1474 197 1519 καί
214 1472 238 1519 τά
255 1471 320 1519 πάντα
338 1472 442 1532 ἀπαλλαγῇ
459 1476 496 1518 τοῦ
510 1472 628 1533 τρέπεσθαι,
651 1472 692 1518 ἐπεί
706 1471 757 1530 μηδὲ

42 1547 84 1592 έσττ
101 1551 138 1592 τοῦ
157 1550 229 1591 λοιποῦ
247 1545 270 1591 τό
290 1544 442 1603 σνναυαγκάζον
464 1544 539 1597 αὐτοῦς
557 1545 608 1602 πρὸς
626 1545 663 1603 τὴν
681 1545 758 1590 τούτων

43 1617 186 1676 ὑπηρετεῖσθαι
199 1619 283 1675 κίνησιν.
655 1668 657 1672 ¹
766 1625 785 1655 κν

85 1690 143 1740 VIII,
159 1695 192 1734 θέλ,
221 1692 293 1741 Καλῦς
307 1687 345 1734 οάκ
359 1687 413 1733 είπευ
428 1686 515 1742 στενάζει
525 1689 558 1733 καὶ
568 1686 643 1743 ἀδίνει,
659 1687 710 1733 ἀλλά
724 1697 759 1732 συ·

11 1767 13 1772 ’
43 1759 130 1816 στενάζει
144 1761 177 1806 καί
191 1762 305 1814 συνωδίνει,
327 1758 394 1818 ἐπειδη
409 1758 479 1804 καὶτὸ
493 1763 547 1804 πάσα
561 1757 574 1818 ἡ
589 1762 650 1812 κτίσις
669 1759 759 1804 ἐνταῦθα

43 1834 180 1893 προσέθηκεν,
201 1833 243 1877 ἀνω
257 1830 269 1890 ἡ
284 1834 346 1884 κτίσις
360 1832 442 1891 είρηκάς
456 1832 534 1889 μόνον’
555 1830 647 1889 βούλεται
662 1831 684 1876 δέ
698 1834 760 1876 εἰπεῖν

44 1907 74 1952 ότι
89 1905 201 1963 συμφώνως
221 1905 354 1949 ἐπιδείκνυται
372 1909 432 1949 τοῦτο
447 1902 528 1962 πάσαη
547 1906 618 1960 κτίσις,
641 1906 675 1949 ίνα
689 1905 723 1949 καί
737 1902 759 1948 τό

44 1979 99 2037 παρά
116 1976 181 2036 πόσης
197 1976 222 2022 ’τό
241 1975 291 2021 αάτό
312 1979 404 2033 γίνεσθαι
421 1975 495 2033 ὁμοίως
509 1975 607 2037 παιδεῦση
622 1974 707 2028 τούτους
724 1975 787 2035 τηνλῡ

44 2050 94 2110 πρὸς
114 2049 202 2101 ίίπαντας
223 2051 330 2093 κοινωνίαν
345 2051 446 2107 αἱρεῖσθαι
459 2053 483 2108 τῇ
497 2053 538 2094 τεόν
552 2053 647 2108 λυπηρῶν
661 2051 761 2109 καρτερίᾳ.

47 2128 95 2176 Πτός
110 2122 131 2169 δέ
145 2126 212 2168 παῖσον
227 2122 265 2179 έφη
279 2125 339 2166 τοῦτο
353 2118 461 2178 ἀπομένειν
475 2121 512 2179 την
526 2124 601 2174 κτίστας
622 2122 658 2173 τάς
676 2122 712 2178 μέν
727 2120 761 2166 ἀο-

45 2195 119 2253 ράτους
133 2191 160 2246 ἀς
174 2191 237 2247 είκός,
258 2192 291 2238 ἀτε
306 2192 330 2250 δη
345 2191 426 2250 λογικός
440 2194 473 2238 καί
492 2196 532 2238 τεόν
549 2193 660 2251 γινομένων
678 2190 762 2251 έχοῦσας

45 2267 82 2327 τὴν
97 2270 204 2324 αἴσθησιν,
218 2264 254 2318 τάς
268 2265 290 2311 δέ
304 2262 378 2324 δρατάς
391 2268 526 2327 τῇκοινωνίχι
540 2271 577 2311 τοῦ
591 2264 712 2323 πράγματος.

86 2342 143 2392 VIII,
159 2342 191 2382 λλ,
222 2336 306 2383 Οὐδέπω
320 2336 358 2395 γάρ
374 2348 423 2396 φησι
438 2342 471 2396 της
486 2337 613 2390 ἀναστάσεως
622 2335 761 2395 τετυχήκαμεν,
769 2353 788 2381 ιι

46 2411 96 2459 ἀλλά
111 2409 214 2469 δεξόμενοι
227 2409 265 2469 τὴν
279 2408 387 2469 ὑπόσχεσιν
399 2417 444 2463 ’ταῖς
459 2411 523 2455 έλπίσι
536 2408 720 2468 ψυχαγωγοῦμεθα.

89 2486 195 2540 Σωτηρίαν
208 2486 265 2527 καλεῖ
278 2481 315 2541 την
329 2486 415 2541 παντελῆ
430 2485 470 2526 τοῖν
486 2485 554 2526 κακῶν
573 2479 699 2540 ἀπαλλαγὴν,
720 2480 763 2540 ίίτις

92 2629 106 2653 ι.
119 2620 137 2652 V.
149 2615 180 2662 τὴν
191 2622 229 2660 post
246 2628 262 2653 υ.
277 2615 354 2652 καθόλου
369 2627 402 2651 om.
418 2619 462 2662 θρῖα.
492 2626 505 2650 ε,
518 2618 536 2651 G.
547 2618 602 2651 Mon:
622 2613 654 2660 τὴν
671 2612 764 2652 ἀνάοτασιν

47 2676 97 2725 λέγει,
108 2676 197 2713 υλοθεσίαν
208 2675 240 2721 τὴν
251 2674 352 2712 ἀθανασίαν
363 2677 430 2711 πιδοῦν’
443 2671 485 2711 ῦθεν
494 2697 517 2711 -.
542 2686 556 2711 7.
568 2677 594 2710 Ps.
607 2677 637 2716 82,
649 2677 665 2711 6.
678 2679 692 2713 7.
706 2679 724 2713 V.
736 2669 764 2713 καί

47 2738 80 2775 υλολ
93 2761 107 2767 -
119 2735 182 2774 ἀποθν.
192 2747 224 2772 om.
233 2749 248 2772 ο.
256 2740 301 2773 Mon.
326 2740 348 2772 ih.
361 2738 379 2772 V.
393 2732 414 2771 δν
425 2747 458 2771 om.
470 2747 485 2770 ο.
497 2739 545 2773 δίου.
570 2745 583 2771 ν.
596 2738 624 2771 Sic
636 2748 650 2773 ο,
662 2739 718 2778 Μουμ,
731 2740 764 2773 δυο

1 2844 2 2848 ¹
48 2800 115 2835 aliill.:
134 2795 220 2842 λόγουτὸ.
253 2797 456 2841 9,5μεό.,ο.δτεω.μ.
470 2796 506 2833 139.
537 2796 764 2844 τελλοεωηινόμεθα.

0 2875 2 2908 ss
49 2868 74 2895 ιε.
83 2862 140 2903 δρία,
158 2870 172 2893 ο.
185 2859 239 2893 Cram.
252 2870 267 2901 χι,
280 2860 317 2893 140.
347 2866 373 2892 21,
385 2858 438 2900 Spin„
455 2868 469 2890 ο.
483 2859 538 2892 Cram.
549 2868 564 2901 p.
578 2855 615 2893 141.
645 2861 763 2904 εο.5μίο.;ίυ

0 2925 2 2957 ζ
49 2930 62 2953 ε.
72 2921 126 2955 eram,
135 2931 151 2963 p,
160 2919 192 2954 14⁶2
201 2920 233 2953 hoc
242 2920 301 2963 fragm.
309 2920 384 2954 δὶοόοεο
392 2918 478 2954 tribuitur.
505 2927 529 2955 ιε.
543 2920 598 2962 θρῖα,
611 2931 624 2955 ο.
638 2921 692 2957 (Iram.
700 2932 715 2964 p.
726 2921 762 2955 1ί2.
