1773 3073
112 74 133 110 iffi
335 72 447 107 THEODORI
459 71 611 108 ttorsvusraru

113 184 245 242 significatum
262 179 348 236 reliquit.
379 177 403 222 tn
421 194 446 223 eo
464 181 518 224 enim
537 181 592 238 qnod
612 180 696 224 addidit:
720 178 831 222 secundnm

115 270 204 304 carnem,
216 252 338 297 sufficienter
348 250 444 300 ostendit,
457 252 505 308 quia
518 259 538 294 et
548 253 605 295 aliter
615 252 650 295 iiiii
665 250 832 310 significationem

114 328 168 370 novit
179 326 280 382 accipere
296 322 313 365 si
326 321 406 379 quidem
422 322 534 366 secundum
549 324 588 366 hoo
603 325 640 367 scit
654 338 700 366 eum
715 338 741 365 ex
756 322 831 365 semine

114 398 177 441 David
196 397 280 443 factum,
303 400 406 451 tamquam
423 395 535 438 secundum
556 395 610 439 aliud
629 410 670 439 non
687 396 715 438 ita
733 409 777 437 euna
796 408 831 437 co-

94 474 217 528 tgnoscens.
246 467 304 509 Duae
322 466 375 509 enim
390 472 487 517 naturae,
510 482 573 512 unum
589 473 656 511 autom
672 466 766 526 quiddam
784 480 832 509 con-

113 542 200 584 nexione
213 538 334 595 intelligunt.
366 539 434 582 ditem
450 539 530 596 quidem
546 546 576 582 ost
591 540 674 582 assumti
688 539 785 588 hominis,
803 539 832 580 ai-

114 621 155 656 tera
176 626 224 654 vero
245 609 282 653 Dat
303 610 372 654 Verbi.
404 611 533 655 Concurrunt
553 617 619 655 autem
638 612 659 654 in
680 626 742 654 ararim
762 609 832 653 anabau

113 690 197 743 propter
217 684 361 726 assumtionem
381 690 399 727 et
414 691 498 741 propter
513 683 667 732 adunationem,
691 697 743 739 quae
758 697 783 724 ex
799 697 832 726 as-

113 756 213 799 sumtione
227 754 279 796 facta
295 760 334 804 est,
351 769 412 813 quam
427 754 452 798 ad
466 756 532 799 Derim
547 752 607 797 habet
622 753 674 797 servi
689 752 761 797 torma.

88 836 106 864 ll
155 829 174 879 Ι,
190 829 208 870 8.
239 825 334 869 Φαίνεται
349 826 383 869 ααί
398 824 419 868 ἓν
434 824 510 881 ἑτέραις
524 828 564 868 τῶν
583 824 692 869 ἐπιστολῶν
707 821 740 867 οίιί
755 822 832 880 ειίχαριέ

114 899 169 948 στίας
184 894 305 954 ἀρχόμενος,
327 896 415 947 ἐκείνους
428 895 479 953 πρὸς
494 895 530 947 οὓς
545 901 630 939 ποιεῖται
644 893 666 939 τό
681 893 764 953 χρόμμα
778 892 834 938 dadd-

115 981 168 1013 σιιων
182 966 257 1019 παντὸς
272 966 334 1025 λόχον
348 968 381 1011 ταί
395 966 512 1024 πρόχματος
522 965 562 1011 οίπό
572 965 697 1024 εὐχαριστίας
707 963 831 1023 ἀπάρχεσθαι

113 1044 141 1100 τῷ
160 1044 210 1099 θεῷ,
234 1038 258 1083 οιί
277 1038 342 1094 μόνον
358 1038 410 1096 ὑπὲρ
430 1040 508 1082 οίιιιίων
526 1037 576 1081 citici
595 1039 628 1081 ααί
645 1036 697 1094 ὑπὲρ
712 1036 832 1092 ἀλλοτρίων·

114 1112 203 1156 ἐνταῦθα
222 1110 243 1155 di
262 1109 347 1166 μοίίιστα
366 1110 480 1166 ατριοίτατα
502 1112 572 1168 χρῆται
591 1107 656 1171 τούτῳ
676 1111 704 1172 τῷ
727 1110 832 1170 προοιμίῳ,

89 1195 107 1222 15
116 1183 241 1239 Προσεκτέον
256 1183 277 1227 δὲ
291 1182 398 1242 adoratori
413 1182 447 1226 cd·
463 1181 496 1226 occi
511 1185 609 1239 Χριστοῦ,
625 1181 679 1233 ὅπως
694 1180 732 1225 οὐκ
746 1181 778 1224 εἰτί
792 1183 834 1224 δια-

115 1256 184 1306 αονίας
198 1254 301 1312 ιιίχρηται,
316 1252 382 1310 ὥσπερ
397 1253 453 1296 δονεῖ
465 1258 507 1304 τοῖς
522 1254 637 1310 αίρετιιιοίς,
660 1250 701 1296 ἀλλ’
718 1252 749 1296 ἐπὶ
764 1254 833 1303 αἰτίας.

117 1325 147 1371 Οὐ
160 1325 198 1383 μόιρ
214 1324 238 1382 dd
253 1323 340 1385 διατόνῳ
354 1329 382 1385 τῷ
397 1328 477 1385 Χριστῷ
491 1327 601 1381 αεχρῆσθαι
611 1321 622 1367 ὁ
633 1322 744 1375 ἀπόστολος
755 1324 835 1380 ἔμελλεν

116 1400 150 1454 τῆς
164 1399 191 1449 είς
205 1395 240 1441 τόν
254 1395 304 1440 θεόν
319 1394 452 1454 εὐχαριστίας,
475 1395 526 1452 lipsa
540 1395 562 1439 δὲ
577 1394 608 1439 ὅτι
621 1399 649 1456 τῷ
664 1398 706 1455 θεῷ
727 1392 836 1453 εὐχαριστῶ

117 1468 167 1526 ὑπὲρ
186 1467 254 1526 ὑμῶν,
273 1471 310 1513 τοῦ
332 1471 421 1525 Χριστοῦ
439 1466 513 1524 ταύτης
534 1465 582 1524 ἡμῖν
600 1471 635 1524 της
654 1465 779 1524 εὐχαριστίας
799 1465 835 1523 την

93 1542 184 1584 alatrino
198 1538 357 1596 παρασχομένου.
381 1539 434 1596 Ἔχει
449 1538 471 1583 δὲ
486 1537 539 1595 ίίμοις
553 1539 586 1582 nol
596 1536 699 1596 Ῥωμαίων
714 1539 797 1583 ἔπαινον
812 1536 835 1582 τό

119 1612 224 1670 εἰρημένον
238 1610 263 1656 od
277 1610 373 1668 τυχόντα·
395 1612 428 1655 ιιαί
443 1609 506 1655 αὐτοῦ
520 1609 559 1669 χείρ
573 1610 647 1655 τούτου
662 1610 728 1655 ἕνεκεν
748 1614 835 1667 συνεχῶς

120 1685 141 1729 ἐν
159 1690 202 1735 ταῖς
221 1682 284 1727 αὐτοῦ
299 1683 411 1733 ἐπιστολαῖς
425 1682 489 1742 τούτῳ
504 1681 596 1739 αίχρηται
610 1686 638 1743 τῷ
655 1685 764 1742 προοιμίῳ,
788 1682 837 1727 ὥστε

119 1762 163 1807 ταῖς
177 1755 283 1813 εὐφημίαις
297 1753 464 1812 προθυμοτέρους
479 1753 553 1806 αὐτοὺς
567 1753 617 1810 πρός
631 1753 668 1812 τὴν
682 1758 722 1798 τῶν
736 1755 836 1812 χραφομί-

165 1896 179 1921 t.
192 1899 205 1920 c.
215 1890 261 1920 Vera
273 1889 395 1930 intelligimine
416 1896 430 1921 a.
444 1898 458 1923 u.
468 1888 513 1921 lien:
526 1889 579 1920 Deum
588 1889 667 1921 Vostrum.
686 1894 712 1920 ιο.
722 1888 806 1920 Theodori
820 1890 849 1922 in·

121 1949 168 1981 Pauli
181 1949 267 1990 epistolam
279 1950 299 1981 ad
307 1949 390 1980 Romanos
399 1949 515 1981 commentarit
526 1947 618 1990 fragmenta
630 1957 691 1989 graeca
705 1948 801 1989 nuperrime
809 1948 836 1981 do-

121 2018 166 2041 inum
176 2011 193 2041 et
201 2018 277 2050 sisagriam
286 2010 350 2050 parient
361 2008 385 2040 bis
395 2009 438 2050 typis
448 2008 533 2050 exscripta
541 2011 584 2040 sunt.
601 2009 626 2040 dc
638 2008 710 2050 primum
719 2008 787 2049 nitidem
795 2008 837 2049 Αιιχ,

120 2068 173 2102 liaius
190 2069 206 2101 in
219 2067 304 2110 Spioiiegii
316 2068 385 2101 itomani
399 2068 452 2101 Τοιιιο
464 2068 491 2101 Ν.
504 2078 520 2110 μ,
529 2067 562 2101 tao
572 2088 586 2094 -
595 2067 632 2100 573.
646 2068 701 2110 (Rom.
714 2068 771 2109 tato.)
796 2062 836 2101 Θεο-

120 2125 176 2169 laipno
194 2126 315 2169 ίίίοηιονεστίας
331 2123 422 2160 εἰιισιιόνιον
437 2123 455 2168 ἐξ
467 2123 556 2169 ἑρμηνείας
567 2126 597 2169 τῆς
609 2124 680 2160 Παιίίον
691 2124 734 2169 πρὸς
745 2122 837 2170 Ῥωμαίους

119 2183 205 2231 ἐπιστολῆς
216 2186 237 2220 τό
249 2181 345 2230 οὐρηθέντα
357 2187 419 2225 edidit,
432 2197 475 2230 qnae
487 2188 508 2220 de
520 2191 578 2220 catena
591 2187 683 2229 desumpsit
695 2188 738 2220 inter
751 2189 837 2221 vaticanus

121 2248 172 2281 terme
184 2248 332 2290 praestantissima.
355 2247 444 2281 l¹raeterea
456 2249 497 2281 haec
509 2249 603 2290 fragmenta
616 2249 651 2280 fere
663 2248 728 2290 omnia,
746 2258 789 2291 quae
801 2248 836 2291 qui·

121 2308 157 2339 dem
169 2308 189 2340 ad
202 2308 258 2349 priora
270 2310 308 2340 octo
320 2308 401 2348 epistolae
414 2307 472 2349 capita
484 2307 580 2348 pertinent,
593 2307 671 2348 leguntur
684 2309 700 2340 in
712 2308 732 2342 t:
745 2308 807 2342 Calena
821 2310 836 2341 in

121 2366 137 2398 S.
149 2366 194 2398 Panit
206 2366 293 2409 epistolam
306 2367 326 2399 ad
338 2368 428 2401 Romanos.
451 2366 477 2401 dd
489 2367 539 2400 fidem
552 2367 588 2400 cdd.
599 2376 659 2399 msscr.
672 2368 698 2399 ed.
711 2368 724 2400 i.
734 2370 753 2400 Α.
763 2368 837 2409 Cramer,

122 2426 138 2456 S.
150 2425 168 2457 T.
181 2427 197 2457 P.
209 2427 256 2458 aritae
268 2426 310 2458 Novi
323 2426 396 2469 Hospitii
405 2426 511 2468 Principalis,
524 2435 590 2459 necnon
600 2426 681 2459 historiae
693 2428 783 2460 modernae
791 2427 837 2460 Prot

122 2484 161 2524 aeg.
179 2483 238 2517 Oronti
256 2486 303 2518 lata.
322 2486 336 2518 8.
355 2486 412 2519 Editor
425 2486 484 2519 codice
496 2485 589 2519 Bodleiano
602 2487 618 2519 E.
631 2487 652 2518 ΙΙ.
664 2485 691 2518 20.
703 2495 743 2518 usns
756 2491 792 2528 est,
810 2489 838 2529 qni

122 2545 148 2574 est
159 2543 266 2587 chartaceus,
279 2545 333 2578 torma
346 2546 454 2588 quaternaria
466 2548 482 2579 et
495 2555 504 2579 e
516 2555 566 2580 msor.
579 2546 675 2588 antiquiore
688 2545 776 2586 Gaditano,
788 2547 838 2580 trivi-

123 2604 181 2643 detur,
199 2614 208 2637 a
225 2605 238 2638 i.
254 2604 318 2646 Lluydo
330 2616 344 2639 a.
357 2606 397 2638 taot
412 2606 512 2648 descriptus.
536 2607 568 2639 llio
580 2606 633 2638 codex
646 2608 722 2639 catenam
735 2608 810 2640 continet
823 2608 838 2640 in

122 2662 209 2705 epistolam
222 2664 239 2696 P.
251 2664 270 2697 ad
280 2666 327 2698 Rom.
340 2665 416 2698 eximiam
427 2667 500 2709 quidam,
513 2668 541 2700 sed
550 2667 567 2699 in
576 2666 608 2698 fine
617 2665 702 2705 mutilam;
716 2667 785 2709 erpiicit
794 2668 839 2700 onim

123 2725 139 2757 in
151 2724 227 2757 uirorum
244 2724 259 2757 d.
271 2724 410 2766 explicationibus
428 2737 441 2759 c.
453 2727 478 2761 lli
490 2737 513 2761 rs
527 2726 535 2759 1
548 2725 644 2760 afferendis.
668 2726 741 2770 Singulis
751 2713 838 2763 'Theodori

122 2784 219 2827 fragmentis
231 2785 341 2826 praemissum
353 2789 377 2817 est
389 2795 404 2818 v.
417 2785 512 2830 Θεοδώρου.
525 2805 546 2810 -
561 2787 678 2829 Fragmentum
691 2789 745 2830 primo
757 2789 796 2821 ioco
808 2798 837 2831 po·

122 2844 172 2877 situm
185 2844 299 2876 tantummodo
311 2844 327 2876 in
340 2846 396 2886 Spiciii
409 2846 474 2888 legitur.
