1723 3073
251 125 273 157 ΙΝ
285 123 427 160 EVANGELIUM
439 123 549 158 IOHANNIS.
744 117 766 153 ⁴29

0 283 1 286 Ἴ
89 226 155 273 Οῦδέν
170 226 290 283 θαυμαστόν
304 225 357 284 ῦμῦς
371 232 453 273 τοιαῦτα
469 230 556 281 ἐννοεῖν,
577 226 701 284 ἀνθρώπους
716 236 765 282 σαρ-

0 302 3 323 δ
46 297 115 351 κικοός
133 300 166 344 καί
186 297 245 344 οῦδὲν
266 298 401 356 πνευματικόν
421 301 567 358 λογιζομένους
596 297 648 345 Ἀλλ’
670 296 707 343 οῦκ
727 295 765 355 έχό

0 402 2 445 3
46 369 115 430 πράξω
129 388 147 415 τι
162 375 252 422 τοιοῦτο,
268 370 348 416 όίνωθεν
362 371 400 428 χοίρ
415 390 459 429 ειμι.

0 492 2 502 ,
87 443 146 496 viil,
161 446 194 486 λλ.
223 439 324 486 Ἠδόνατο
338 441 375 498 μέν
384 445 417 486 καὶ
427 446 487 487 τοῦτο
498 443 534 501 οῦχ
544 443 608 496 οότως
619 443 670 501 έχειν
680 441 765 499 έλένξαι,

47 514 80 557 καὶ
90 512 128 569 χόιρ
140 513 261 569 έπεμίχιχσαν
270 511 366 564 πολλάκις
376 519 417 564 τοῖς
428 513 508 559 έθνεσιν
517 517 550 559 καὶ
560 516 582 559 ἐκ
591 517 685 573 πορνείας
695 514 765 558 πολλοὶ
784 524 792 550 ὑ

0 605 1 612 ³
46 583 91 642 παρ’
107 583 175 636 αὐτοῖς
191 584 311 643 ἐτέχθησαν,
329 585 363 629 καί
377 588 465 642 συνεχως
479 590 538 630 τοῦτο
554 584 696 644 ὀνειδιζόμενοι
710 583 765 643 παρόι

46 662 88 707 τοῖς
102 657 216 713 προφήταις
231 659 344 713 φαίνονται.
373 655 422 700 Ἀλλ’
443 655 491 701 οῦδὲ
509 662 569 702 τοῦτο
587 664 652 703 ποιεῖν
667 655 678 702 ὁ
694 655 766 713 πόριος

47 726 145 786 ἀνέχεται,
165 727 208 773 ἀλλ’
225 726 265 772 αἰπδ
280 731 314 786 τῆς
330 726 398 772 αῦτῦν
413 731 487 785 φωνῆς.

88 799 130 854 IX,
147 804 166 844 3.
196 799 266 844 Είποόν
281 799 314 844 δέ’
330 802 364 854 ’ίνα
379 803 490 857 φανερωθῇ
505 798 517 856 κ]
533 799 580 853 δόξα
594 804 630 845 τοῦ
645 805 705 852 θεοῦ,
720 801 765 858 περὶ

47 869 120 915 ἑαυτοῦ
136 882 207 928 φησιν,
229 868 253 914 οῦ
268 871 313 927 περί
327 873 364 914 τοῦ
378 868 463 927 πατρός·
487 870 564 915 έκείνον
581 870 620 928 χόιρ
640 869 651 929 ἡ
672 871 721 926 δόξα
740 867 791 929 ἦνθε

47 940 131 999 φανεροί.
165 940 244 998 Ἐπειδὴ
259 940 297 999 χείρ
312 939 389 998 ἤκουον
404 940 434 985 ότι
448 940 497 992 θεός
512 942 591 998 ἐποίησε
604 940 640 985 τόν
654 941 765 999 ίίνθρωπον

46 1012 115 1071 λαβὼν
128 1018 179 1071 χοῦν
195 1012 234 1058 οίπό
249 1018 284 1070 τῆς
298 1017 335 1070 γῆς
349 1014 382 1058 καὶ
395 1010 472 1064 πλόισας
482 1011 518 1057 τόν
528 1011 646 1070 όίνθρωπον,
662 1012 696 1057 διόι
705 1017 765 1058 τοῦτο

47 1084 134 1140 Χριστός
149 1085 239 1130 ἐνταῦθα
253 1083 289 1129 τόν
304 1083 414 1142 ὀφθαλμόν
430 1083 507 1129 ἔπλασε.
535 1082 582 1129 Έόιν
595 1083 634 1142 νόρ
650 1086 706 1142 είπχ·
727 1083 765 1141 έχοέ

47 1154 87 1201 imi
107 1161 142 1213 τῆς
160 1160 197 1213 χῆς
219 1156 295 1200 έπλασα
314 1155 350 1200 τόν
369 1156 489 1212 όνθρωπον,
512 1155 621 1213 προσόντος
636 1153 700 1200 έδόκει
714 1153 766 1200 είναι

46 1234 88 1279 τοῖς
98 1226 205 1282 οίκοόουσι,
221 1226 255 1272 διό
268 1227 291 1272 δέ
305 1231 343 1272 τοῦ
347 1262 349 1264 .
358 1227 418 1285 έρχον
432 1231 492 1272 τοῦτο
507 1225 637 1284 δεικνόμενον
650 1225 716 1272 οῦκέτι
725 1231 765 1272 λοι-
774 1244 791 1268 ιι

47 1299 87 1346 κόν
101 1302 228 1357 προσίστατο.
263 1297 302 1344 Διό
318 1298 342 1357 δὴ
358 1300 391 1344 καί
406 1297 467 1352 αῦιός
481 1297 549 1357 λοβόν
563 1303 612 1357 χοῦν
627 1296 667 1343 οίπδ
682 1303 716 1357 τῆς
730 1303 766 1357 γῆς

47 1374 78 1418 καί
94 1376 166 1431 μυροῦν
180 1377 208 1433 τῷ
222 1371 333 1428 πτόσματι,
357 1371 409 1434 οὕτω
423 1369 461 1429 τὴν
475 1370 612 1429 κεκρυμμένην
627 1370 690 1423 αῦτοῦ
705 1369 766 1425 δόξαν

48 1445 181 1503 ἐφανέρωσεν.
212 1441 241 1488 Οῦ
261 1442 322 1501 μικροί
339 1442 378 1501 χόρ
394 1442 442 1497 δόξα
456 1442 479 1487 τό
495 1442 618 1501 διχμιοορχόν
633 1442 696 1488 αῦτόιι
710 1460 766 1500 νομι-

47 1520 122 1574 σθῆναι
137 1520 171 1574 τίχς
185 1517 275 1566 κτίσεως·
297 1513 310 1572 ἡ
329 1514 369 1572 χείρ
388 1515 432 1571 περὶ
452 1518 488 1559 τοῦ
505 1516 595 1571 μείζονος
613 1516 678 1566 πίστις
696 1515 730 1559 καὶ
743 1514 767 1559 τό

48 1589 130 1632 έλαττον
145 1588 248 1644 ἐβεβαίου·
263 1591 298 1642 τῆς
312 1588 393 1638 κτίσεως
402 1586 441 1644 χόιρ
451 1586 516 1644 πόσιχς
525 1585 642 1643 τιμιώτερον
652 1579 767 1642 όίνθρωποςς
775 1603 794 1630 ιο

47 1660 79 1704 καί
94 1663 134 1703 τῶν
149 1659 170 1703 έν
185 1656 233 1716 ἡμῖν
248 1660 313 1716 μελων
328 1655 444 1715 τιμιώτερος
459 1656 470 1701 δ
486 1655 600 1714 ὀφθαλμός.

89 1731 131 1786 IX,
148 1734 179 1775 17.
209 1729 267 1774 Κατόι
283 1727 379 1787 έροέτιχσιν
394 1728 543 1786 ιίναχνωστέον,
559 1727 722 1781 έπισννοίςόαντας
735 1728 766 1781 τό·

50 1803 75 1846 σι)
90 1801 185 1858 τίλέχεις
199 1802 244 1859 περί
258 1799 328 1855 αὐτοῦ,
343 1802 386 1845 καί·
402 1800 433 1845 ότι
447 1800 514 1858 ἤνοιξέ
528 1813 566 1845 σου
579 1799 627 1852 τοῦς
640 1799 767 1858 ὀφθαλμοὺς,

50 1873 74 1918 οῦ
89 1873 129 1932 μίχν
144 1870 246 1923 διελόντας
261 1870 317 1917 αῦτό.
349 1870 379 1916 Οῦ
398 1871 437 1930 χίιρ
456 1875 515 1916 τοῦτο
530 1871 565 1918 τόν
580 1871 658 1930 τυφλόν
675 1870 767 1931 ἠρώτων,

49 1948 65 1988 εί
80 1945 127 1997 τοῦς
142 1935 264 2002 ὀφθαλμοός
279 1943 342 1988 αὐτοῦ
356 1943 431 2001 ἤνοιξε,
450 1942 543 2000 περιττόν
557 1942 596 2001 χόρ
610 1939 637 2000 ἦν
651 1948 711 1989 τοῦτο
725 1943 795 2001 iiii-25

48 2034 124 2069 κοντας
143 2017 231 2073 ἐρωτᾶν,
253 2014 303 2060 οίλλόι
321 2017 340 2059 τί
358 2017 403 2073 περὶ
423 2014 486 2069 αὐτοῦ
501 2015 572 2072 λέχεις,
592 2014 644 2075 ὑπὲρ
659 2010 688 2060 οδν
702 2015 769 2074 ἥνοιξέ

48 2101 86 2133 σου
96 2088 144 2139 τοῦς
159 2087 291 2145 όφθαλμοός,
308 2087 338 2131 ότι
353 2087 471 2145 θαυμαστός
486 2086 519 2131 διό
534 2086 557 2131 τό
571 2086 690 2144 γενόμενον,
705 2086 718 2145 ἢ
732 2104 768 2131 πα-

50 2159 139 2219 ρόνομος
159 2158 192 2205 διόι
211 2159 248 2218 κίχν
267 2163 303 2204 τοῦ
324 2158 426 2218 σαββότον
444 2160 509 2205 λῦσιν,
532 2158 597 2204 Ὅθεν
616 2157 768 2217 καταλλόλωςὸ

49 2233 125 2290 τυφλός
136 2231 267 2290 οίπεκρίνατοΙ
282 2231 313 2276 δτι
327 2230 432 2291 προφήτας
447 2233 509 2287 ἐστὶν,
526 2230 570 2276 οίντί
584 2236 631 2283 τοῦ,
646 2230 721 2289 ταότιχν
731 2231 768 2289 έχω

48 2305 92 2362 περί
112 2302 176 2348 αὐτοῦ
192 2302 229 2361 τὴν
248 2302 320 2358 δόξαν,
343 2307 403 2347 τοῦτο
421 2302 460 2360 χαίρ
479 2300 530 2361 ῦπέρ
548 2307 585 2347 τοῦ
604 2302 710 2361 χεχονότος
724 2304 795 2359 περίοο

49 2375 113 2422 αὐτοῦ
127 2375 191 2433 λέγειν
206 2375 326 2433 προῦχομαι.

91 2449 130 2502 lii,=
146 2452 179 2492 27.
211 2446 277 2493 Πίιλιν
292 2448 364 2493 ε’κείνοι
378 2446 469 2507 ἠρώτων
485 2451 527 2499 πῶς
542 2446 614 2507 ίινέῳξέ
627 2460 664 2491 σον
674 2447 722 2501 τοός
732 2449 768 2507 ὀφ-

95 2613 109 2637 ι.
123 2604 172 2637 Cord.
186 2608 217 2637 cat.
231 2615 246 2646 μ.
258 2606 296 2637 237.
320 2606 342 2637 ib.
355 2605 402 2639 Gai:
415 2602 461 2648 έχων
492 2613 505 2637 ε.
518 2604 538 2636 Ui
550 2605 632 2637 sententia
645 2609 691 2639 certe
703 2608 769 2650 integra

50 2665 72 2697 sii
84 2664 125 2697 adde
137 2668 175 2706 posi
187 2674 202 2699 ν.
216 2664 275 2709 φωνῆς
292 2674 307 2699 v.
321 2659 381 2708 ἐλέγχει
393 2659 460 2704 αῦτοιίς.
490 2663 587 2697 Cuiusmodi
599 2674 615 2698 ν.
628 2664 699 2700 fortasse
711 2677 770 2702 οιιυιυ

50 2725 159 2762 exciderunt,
172 2734 274 2768 quamquam
287 2725 303 2758 in
316 2725 379 2758 catenis
392 2724 435 2757 haud
452 2733 492 2757 raro
504 2726 559 2758 oratio
570 2728 635 2759 temere
647 2727 670 2760 ita
683 2731 769 2761 contracta

50 2788 82 2823 esi,
101 2788 119 2817 αλ
137 2784 208 2826 intelligi
226 2788 306 2828 nequeat,
326 2785 356 2818 nisi
374 2793 393 2817 ex
407 2787 485 2817 contextu
499 2785 550 2818 verba
562 2782 603 2817 falso
616 2786 677 2819 omissa
690 2787 770 2829 scriptori

51 2845 134 2877 ιἐελλλιιεε,
164 2851 178 2877 ε.
191 2844 240 2878 Cord,
254 2849 285 2878 οελ,
301 2856 316 2887 p.
329 2844 366 2877 λλδ.
397 2852 421 2877 νε,
434 2844 483 2879 Curii.
497 2849 528 2878 σοί,
543 2855 559 2887 p.
573 2843 610 2878 254.
640 2845 769 2881 amaricat.

51 2904 116 2943 μθόθ,
718 2898 732 2921 ⁹
