1773 3073
115 70 137 106 58
337 69 447 103 THEODORI
459 69 609 104 MOPSVESTENI

116 175 153 225 οῦν
169 180 199 225 ἐπί
213 181 250 222 τοῦ
263 174 363 233 παρόντος
377 178 422 233 βίον
437 176 474 233 τὴν
488 177 539 235 πρὸς
553 176 588 222 τὸν
599 175 662 234 Ἀδολμ
676 174 782 233 κοινότητα
796 179 830 232 τῆς

117 250 196 310 φύσεως
211 249 288 306 έχομεν,
304 245 368 299 οῦτως
383 247 414 292 έπλ
428 252 465 293 τοῦ
475 248 582 306 μέλλοντος
591 249 628 308 τὴν
637 248 688 308 πρὸς
697 247 733 294 τὸν
743 246 831 307 Χριστὸν

117 323 222 380 ὁμοιότητα
236 317 374 376 λαμβάνομεν,
398 319 475 364 ἐκεῖθεν
492 319 528 372 τυλς
546 320 640 380 άφορμδις
654 324 688 378 τῆς
705 318 832 371 ἀναστάσεως

117 393 199 451 ἔχοντεςΙ
214 388 273 448 μέρος
288 383 377 435 οὖντοῦ
394 390 485 449 σάματος
498 391 599 450 λεγόμεθα
613 397 650 438 τοῦ
664 394 745 447 κυρίου,
761 391 795 437 ἅτε
807 391 832 448 δὴ

101 464 152 523 ςτην
169 461 220 522 πρὸς
238 460 301 518 αὐτὸν
319 465 428 508 κοινωνίαν
446 461 554 522 δεχόμενον
578 465 645 509 Ὅθεν
664 462 731 521 ἐπειδὴ
746 467 833 515 τυπικῦς

116 537 137 581 έν
152 536 233 586 ἐκείνοις
248 533 281 579 διέι
295 538 332 580 τοῦ
347 538 482 593 βαπτίσματος
495 538 616 594 γεγενῆσθαι
629 535 757 593 πιστεύομεν,
772 539 848 579 τυῦτοΐ

116 608 176 666 λέγει,
199 605 233 655 ὅτι
243 605 303 666 μέρος
317 607 421 665 γενόμενοι
435 612 472 654 τοῦ
488 607 578 666 σώματος
592 611 628 653 τοῦ
644 611 733 665 Χριστοῦ
751 605 784 652 διίι
799 610 834 665 τῆς

115 679 167 725 κατὰ
179 678 216 736 την
231 676 341 724 ἀνάστασιν
355 683 471 737 κοινωνίας,
486 685 521 739 της
536 681 557 725 έν
571 684 599 742 τῷ
614 682 733 738 βαπτίσματι
743 683 834 737 πληροῦν

115 751 164 804 τοῦς
173 750 249 802 τῦπονς
258 747 375 808 ἡγούμεθα
390 752 461 810 νεαρὸς
475 752 511 809 μέν
527 753 548 797 ἐν
562 750 689 818 πβπαρδντι
704 753 740 812 βίφ
755 749 833 806 λοιπὸν,

91 824 152 878 ιαέξω
171 821 195 868 δέ
212 826 247 881 τῆς
265 819 306 867 ῦπδ
325 823 361 868 τὸν
380 824 445 881 νέμον
463 827 562 876 πολιτείας
579 824 713 881 καθέστηκας,
739 823 835 880 οὐδεμίαν

116 895 184 954 φέρων
198 893 263 957 έαυτφ
276 893 384 954 διαβολὴν,
400 899 416 941 εί
431 895 457 954 μη
471 895 523 942 κατά
536 895 610 942 ταυτὸν
624 895 748 952 πολιτεῦυιο,
764 894 831 953 ἐπειδὴ

117 967 178 1026 φάσις
197 966 251 1028 αὐτῷ
270 967 294 1012 τδ
311 974 392 1025 κρατεῖν
409 969 495 1013 ἐπὶτῶν
509 968 545 1026 τὴν
560 973 665 1026 παροῦσαν
680 967 759 1022 ζώντων
777 967 834 1025 ζωήν.

158 1041 205 1093 VII,
223 1045 241 1085 5.
268 1036 295 1083 Ἡ
311 1042 357 1085 θεία
375 1040 443 1098 γραφὴ
461 1040 509 1085 ποτὲ
528 1040 564 1098 μέν
579 1038 643 1098 σάρκα
657 1040 708 1098 λέγει
722 1039 759 1098 τὴν
773 1038 836 1097 φῦσιν

117 1112 190 1171 αὐτὴν,
205 1111 254 1162 ποτέ
266 1111 288 1156 δέ
301 1112 325 1156 οῦ
338 1111 449 1170 τὴνφύσιν
464 1111 539 1165 ιλπλῦς,
555 1112 596 1158 ἀλλ’
612 1112 650 1158 άπὸ
665 1116 699 1171 της
713 1111 837 1169 θυητότητος

93 1185 182 1234 ιεολίτως
201 1182 265 1239 αὐτὴν
283 1182 387 1240 ὀνομάζει,
409 1183 436 1235 τῦς
451 1183 477 1228 άυ
492 1183 558 1228 οῦκέτι
573 1184 686 1241 δυναμένην
702 1183 754 1228 οῦτω
772 1187 837 1228 καλεί-

119 1262 176 1307 σθαι,
198 1256 214 1299 εί
229 1253 253 1312 δίη
271 1252 375 1299 άπωθολτυ
392 1254 429 1300 τδν
443 1254 543 1300 θάνατον’
566 1253 593 1309 άς
607 1254 656 1301 ὅταν
671 1253 716 1315 λέγη
731 1253 765 1300 τὸ·
786 1253 836 1312 σάρξ

119 1330 152 1374 καὶ
172 1327 221 1386 αἷμα
240 1330 342 1386 βασιλείαν
360 1332 412 1373 θεοῦ
431 1331 580 1388 κληρονομῆσαι
598 1326 623 1373 οῦ
641 1326 747 1384 δῦνανται,
770 1324 796 1380 ῦς
811 1325 837 1372 άν

120 1400 187 1446 οὐκέτι
201 1399 274 1457 σαρκὸς
289 1399 334 1444 οῦτε
350 1399 411 1457 οῦσης
426 1399 472 1445 οῦτε
487 1398 622 1458 ὀνομάζεσθαι
635 1399 746 1458 δυναμένης
760 1403 795 1458 τῆς
806 1400 838 1443 ἐπὶ

120 1476 157 1517 τοῦ
167 1472 273 1530 μέλλοντος
284 1474 357 1523 πλάνος
367 1474 472 1529 γεγονυίας
482 1471 593 1517 ἀθανάτου,
617 1472 707 1517 ’Ἑστιδὲ
722 1471 754 1517 ὅτε
768 1473 800 1517 καί
815 1471 838 1516 τὸ

96 1543 189 1595 νοπάθος
204 1541 254 1587 αὐτὸ
270 1543 333 1599 σάρκα
349 1541 390 1587 οἶδε
404 1549 481 1595 καλεῖν,
496 1541 523 1595 ῦς
538 1543 586 1589 ὅταν
600 1545 656 1604 λέγη·
672 1544 694 1596 δς
706 1545 727 1588 έν
740 1550 783 1596 ταῖς
794 1542 838 1602 ἡμέ-

123 1633 167 1673 ραις
184 1618 219 1672 της
237 1614 310 1672 σαρκὸς
327 1614 399 1665 αῦτοῦ,
417 1617 451 1660 λ’να
466 1617 521 1675 είπη,
541 1615 562 1660 έν
579 1619 607 1676 τῷ
621 1620 684 1677 καιρῷ
698 1620 735 1660 τοῦ
749 1615 839 1668 πάθους,

123 1688 155 1732 ὅτε
169 1686 219 1747 πρὸς
234 1685 289 1748 αὐτῷ
304 1686 370 1744 ἔμελ-λε
383 1686 478 1744 γενέσθαι
491 1691 519 1748 τῷ
534 1686 625 1748 θανάτῳ,
654 1687 694 1733 Καὶ
711 1686 751 1746 μὴν
770 1688 804 1732 καλ
817 1687 840 1733 τὸ

123 1758 246 1818 πρόσκαιρον
261 1759 293 1803 καὶ
309 1757 427 1804 εὐδιάλυτον
442 1758 495 1804 ῦπαν
510 1758 564 1805 οἶδεν
580 1759 632 1805 οῦτω
646 1765 723 1815 καλεῖν,
739 1758 766 1812 ῦς
780 1760 802 1805 έν
816 1756 841 1819 τη

89 1889 92 1891 ¹
123 1831 175 1889 πρὸς
189 1832 314 1886 Κορινθίους
329 1830 400 1876 εἰπών’
423 1829 474 1876 άλλά
488 1830 512 1876 τά
527 1831 585 1890 μωρολ
599 1836 636 1877 τοῦ
650 1831 727 1890 κόσμου
742 1832 842 1888 ἐξελέξατο

98 1902 135 1951 ειὸ
150 1903 205 1957 θεὸς,
220 1906 253 1947 λ’να
267 1902 389 1963 καταισχῦνη
403 1903 452 1956 τοῦς
466 1904 549 1962 σαφοῦς,
564 1907 597 1949 καί
611 1904 635 1949 τῦ
651 1904 735 1962 άσθενη,
752 1908 786 1950 λνα
795 1923 840 1949 κατ-

125 1975 209 2035 αισχάνη
223 1974 248 2020 τά
261 1974 340 2034 ι’σηυριί,
356 1978 389 2021 καλ
403 1975 427 2020 τά
445 1977 592 2034 ἐξουθενημένα
606 1978 638 2021 καὶ
653 1976 677 2021 τιλ
692 1977 718 2035 μη
734 1976 793 2032 ὄντα,
808 1979 842 2022 λ’να

124 2049 149 2095 τά
164 2048 213 2094 ὅντα
227 2047 353 2107 καταργήσῃ,
369 2047 478 2107 ἐπήγαγεν,
494 2048 548 2101 ὅπως
557 2048 583 2106 μὴ
595 2048 717 2107 καυχήσηται
726 2053 781 2095 πάσα
791 2048 840 2107 σάρξ

126 2121 212 2167 ἐνάπιον
228 2118 301 2174 αῦτοῦ,
315 2123 402 2177 καίτοιγε
418 2119 442 2165 οῦ
457 2119 561 2178 διαφόρων
572 2119 627 2174 ζάων
637 2123 740 2179 μνησθεὶς,
756 2121 796 2167 ἀλλ’
807 2125 841 2167 λ’να

126 2196 182 2253 είπη,
199 2191 248 2238 ὥστε
263 2192 329 2237 παντά
343 2191 368 2237 τίι
382 2190 494 2251 πρόσκαιρα
509 2196 598 2251 φανῆναι
613 2192 675 2238 ιλτονα
689 2192 739 2252 πρὸς
753 2194 790 2254 τὴν
807 2199 841 2253 τῆς

100 2284 119 2312 ιο
127 2265 226 2325 εὐσεβείας
241 2266 358 2322 ἐπίγνωσιν,
378 2264 431 2310 οὕτω
446 2265 468 2309 δὲ
481 2268 518 2309 τοῦ
532 2264 568 2322 μὲν
583 2263 689 2310 άθανιλτου
704 2269 776 2321 ζῶντος
791 2267 843 2326 ζωίην

75 2379 77 2383 .
128 2337 174 2385 οῦδέ
188 2355 236 2385 ποτε
250 2335 453 2397 ταῦτηκαλουμὲνον
468 2341 492 2396 τῇ
509 2342 575 2397 φωνῇ.
605 2337 685 2395 Σαρκδς
702 2339 724 2384 δέ
742 2340 790 2385 ποτέ
808 2341 844 2397 μέν

127 2414 162 2467 τῆς
176 2411 255 2469 φύσεως
270 2410 388 2468 λεγομένης,
409 2409 457 2455 ποτέ
472 2410 494 2453 δέ
507 2414 542 2467 τῆς
556 2412 691 2467 προσηγορίας
711 2410 748 2455 οῦκ
766 2413 796 2456 ἐπὶ
811 2417 846 2470 τῆς

129 2480 208 2540 φάσεως
222 2481 383 2541 λαμβανομένης,
406 2481 446 2527 ἀλλ’
463 2483 494 2526 έπλ
509 2485 595 2543 σημασίφ
609 2486 643 2539 τῆς
658 2483 790 2542 θνητότητος,
810 2477 845 2545 ὑφ’

130 2554 155 2613 ἢν
175 2553 224 2600 εἶναι
244 2555 366 2614 συμβέβηκεν
384 2553 443 2613 ἡμᾶς,
465 2554 513 2599 ποτέ
532 2555 554 2599 δέ
573 2559 610 2600 τοῦ
629 2558 753 2613 προσκαίρου
771 2557 847 2610 παντὸς

102 2626 166 2685 ειτην
180 2624 270 2672 ῦπίιτὸν
285 2627 334 2685 ὅρον
348 2632 385 2672 τοῦ
399 2626 492 2673 θανάτου
506 2627 599 2685 κειμένην
612 2632 673 2672 ααλελ
701 2626 736 2681 Ὡς
750 2629 781 2676 τὸ·
797 2629 846 2689 σάρξ

111 2770 112 2774 ¹
176 2795 190 2819 ε.
204 2778 291 2830 θριαςῆς.
310 2796 323 2821 ε.
337 2784 500 2825 λλλιιλιελσυυυέν,
520 2796 544 2824 ιι.
558 2789 613 2831 θρίω,
626 2788 778 2832 πλυμθλμιτ,
792 2790 798 2822 λ
811 2790 848 2824 Εοε,

130 2847 196 2887 15,50.
222 2853 247 2878 21.
261 2847 363 2888 Ηείιιᾱδῄ.
389 2845 631 2893 στιλλέτιήγαγενοωβμίο.
656 2847 848 2891 τε.1λοτ.λ,λ7.λθ.
