1723 3073
233 109 255 143 IN
267 108 390 143 EPISTOLAM
403 109 431 142 ΑΙ)
444 108 554 143 ROMANOS.
730 103 751 139 83

35 211 119 269 έραστίις
139 212 254 269 ἐλέγχεσθαι
274 217 314 258 τῶν
332 212 437 270 χειρόνων,
460 214 481 260 έν
501 232 521 259 τε
541 218 566 273 τῇ
585 211 696 258 ἀπολαύσει
714 216 755 256 τῶν

37 281 122 341 ἀγαθῶν
137 282 260 342 ἀγνωμόνως
274 288 318 342 περί
332 284 368 330 τόν
383 288 447 332 αίτιον
462 286 622 345 διατιθεμένους,
643 285 677 330 καί
695 284 716 329 έν
731 288 755 343 τῇ

35 358 94 417 πείρηι
111 361 151 402 τῶν
169 361 264 415 λυπηρῶν
282 358 414 411 ἐπιτείνοντας
430 363 467 403 τοῶ
483 358 560 417 τρόπον
577 358 614 417 την
631 359 754 417 μοχθηρίαν

35 428 147 473 ἀποδίδωσι
162 430 183 474 δέ
199 428 274 489 έκάστφ
288 429 311 474 τό
326 429 366 474 κατ’
382 429 440 484 ἀξίαν
455 432 485 475 έπί
500 435 536 475 τοῦ
551 431 657 488 μέλλοντος
671 433 753 481 αίῶνος·

37 500 85 546 ὥστε
102 504 172 546 τοίνυν
189 501 215 560 μὴ
235 500 361 547 ἀπιστεῖσθαι
380 502 457 547 τούτων
478 502 515 561 τὴν
537 504 626 561 ἔκβασιν,
647 506 754 561 αίνίγματα
774 516 781 541 f»

38 571 104 618 αὐτῶν
120 573 151 618 έπί
165 577 202 618 τού
214 572 314 631 παρόντος
326 577 372 632 βίον
385 573 418 619 διά
431 573 467 631 τὴν
481 572 575 619 ἀπύντων
584 575 689 634 παρέχεται
700 574 755 632 διόρ-

37 650 112 690 θωσιν
128 645 161 691 καί
173 651 287 704 τιμωρεῖται
299 645 336 703 μέν
349 646 416 698 ένίους
427 648 468 690 τῶν
478 643 562 703 φαύλων
572 648 599 699 είς
612 646 755 705 σωφρονισμόν

37 722 77 762 τῶν
93 716 215 776 ἐπιτηδεύειν
229 716 254 761 τιί
273 717 337 762 ἀτοπα
356 715 492 775 βουλομένων,
516 717 632 777 εὐδοκίμους
650 720 671 765 δέ
689 721 756 772 ένίους

40 789 141 849 ἐργάζεται
152 794 192 833 τῶν
206 793 272 833 καλῶν
286 791 313 841 είς
327 788 444 848 προτροπὴν
456 793 496 834 τῶν
509 790 602 849 ἐναρέτου
612 794 658 850 βίον
667 792 755 850 μετιέναι

41 861 201 907 ἐσπουδακότων.
233 860 301 906 (θέλων
312 857 358 917 νύν,
374 863 443 920 φησίν,
459 860 530 914 όθεός
544 864 627 917 ἐνδεῖξαι
641 863 678 921 τὴν
693 862 755 922 ἀργὴν
764 882 782 910 ιο

40 937 74 980 καί
87 934 110 980 τί
129 932 226 987 δυνατόν,
248 935 282 978 ίνα
300 935 344 993 ε”ίπη
363 932 416 986 ύπως
433 932 522 986 ἀπαντας
538 942 651 994 τιμωρεῖται
667 934 715 988 τούς
731 935 755 981 τό

41 1007 105 1052 ἀτοπα
121 1006 312 1065 διαπραττομένους,
336 1005 425 1063 ἀνέχεται
439 1005 534 1058 πολλύκις
548 1011 622 1059 κακῶν,
645 1012 754 1065 συγχωρῶν

41 1078 116 1129 αύτούς
131 1079 164 1122 καί
179 1073 237 1132 νύξιν
253 1076 362 1122 ἐπιδιδόναι
378 1076 428 1122 κατδ
443 1076 500 1122 τόνδε
514 1076 550 1123 τόν
565 1081 618 1137 βίον,
639 1077 704 1134 ῶσπερ
719 1074 757 1124 ούν

42 1153 148 1208 πεποίηκεν
158 1152 191 1194 καί
206 1151 237 1194 ἐπί.
251 1154 288 1194 τού
304 1149 388 1206 Φαραῶ
405 1149 446 1195 είτα
460 1157 582 1207 καταφανεῖς
597 1151 627 1195 έπί
641 1155 664 1210 τῇ
681 1151 757 1196 ἑαυτῶν
817 1162 819 1165 ’

40 1224 99 1284 κακίχι
120 1222 175 1281 παρά
197 1227 245 1268 πάσι
266 1221 373 1280 γεγονότας
394 1229 507 1281 τιμωρεῖται
528 1226 616 1279 δικιιίως,
635 1224 784 1281 σαφέστερονιε

41 1294 146 1353 γνῶρισμα
162 1294 297 1355 παρεχόμενος
315 1295 376 1341 ἀπασι
392 1300 428 1341 τού
446 1296 472 1354 μη
491 1294 604 1354 ἀτιμώρητα
618 1297 695 1341 πταίειν
710 1295 757 1348 τούς

41 1367 201 1426 δμαρτόινοντας·
222 1367 284 1413 ταύτό
299 1368 322 1426 δὴ
337 1372 397 1413 τουτο
411 1370 445 1413 καὶ
459 1369 489 1413 έπί
504 1372 543 1412 τῶν
559 1366 643 1425 ἀγαθῶν
664 1366 760 1424 διαπράτ-

42 1456 96 1484 τεται
110 1439 180 1492 πόλιν,
203 1440 236 1483 καί
251 1440 270 1492 ἐξ
286 1437 364 1493 ἀδόξων
379 1434 453 1490 αύτούς
467 1437 522 1496 παρά
537 1442 603 1483 πάσαν
619 1438 687 1483 έλπίδα
707 1455 761 1495 περι-

44 1520 116 1571 φανεῖς
131 1511 274 1570 ἐργασόμενος·
290 1517 350 1557 τούτο
365 1512 386 1557 δέ
402 1513 433 1556 έπί
446 1530 467 1557 τε
476 1516 513 1557 τού
524 1511 628 1564 Μωυσέως
642 1512 674 1556 καί
690 1510 761 1567 ἑτέρων

44 1589 124 1629 πολλῶν
136 1582 187 1628 κατίι
200 1582 312 1641 διαφόρους
324 1586 418 1641 πεποίηκε
427 1583 476 1636 τούς
485 1582 578 1642 καιρούς,
594 1583 605 1627 δ
618 1588 654 1641 ’της
669 1584 788 1640 ἐσομένηςνο

45 1658 76 1701 έπί
93 1661 130 1700 τοῦ
148 1656 254 1713 μέλλοντος
272 1659 344 1708 αἰῶνος
358 1663 400 1708 τοῖς
416 1656 515 1714 ἐναρέτοις
530 1654 588 1713 δόξης
605 1647 710 1713 παρέχεται
727 1654 763 1712 τὴν

45 1726 153 1783 ἀπόδειξιν.
183 1726 319 1786 Συμπεράνας
335 1727 372 1786 την
389 1727 439 1785 πρός
456 1727 481 1772 τοί
499 1726 599 1785 ζητήματα
620 1725 725 1786 ἀπόκρισιν
743 1727 763 1771 έν

45 1800 133 1855 τούτοις,
154 1799 290 1857 ἀναλαμβάνει
304 1805 341 1844 τοῦ
356 1800 418 1857 λόγου
435 1799 472 1857 τὴν
490 1798 621 1844 ἀκολουθίαν.
652 1798 764 1857 Προύκειτο

47 1874 83 1930 μέν
100 1871 139 1930 γδρ
157 1872 211 1932 αύτηί
229 1873 291 1925 δεῖξαι
309 1871 339 1916 ότι
356 1871 405 1924 θεός
420 1869 444 1916 ού
459 1870 510 1929 πρός
525 1869 588 1929 φύσιν
603 1870 678 1929 βλέπει,
700 1870 765 1929 χύριτι

49 1946 71 1990 δέ
86 1946 148 2004 οίκείη
162 1942 210 1996 τούς
227 1942 295 1997 ἀξίους
312 1942 419 1999 ἐκλέγεται,
442 1941 595 1998 ἀποδοκιμάζων
612 1942 661 1995 τούς
679 1942 792 1995 ἀτόπουςεε

47 2021 86 2060 τῶν
101 2013 225 2074 ἀνθρῶπων·
248 2014 314 2072 ἐπειδὴ
332 2015 353 2058 δέ
372 2014 471 2072 ζητήματα
489 2013 529 2059 ἀπὸ
546 2018 587 2059 τῶν
602 2015 706 2072 ῥηθέντων
723 2015 765 2060 ἀνέ-

48 2096 120 2142 κυψεν,
136 2085 194 2132 λύσιν
209 2085 276 2132 αὐτῶν
286 2085 420 2144 ποιησόμενος
429 2086 466 2144 τὴν
475 2085 628 2144 προσήκουσαν,
644 2087 675 2131 ἐπί
684 2086 707 2131 τό
718 2104 765 2143 προ-

48 2163 139 2218 κείμενον
149 2159 251 2218 ἀνατρέχει
260 2162 293 2204 καί
306 2161 376 2217 φησίνΙ
392 2159 428 2212 οδς
442 2161 475 2204 καί
490 2159 582 2204 έκάλεσεν
595 2157 648 2218 ἀμοῖς
663 2158 687 2204 ού
703 2158 766 2217 μόνον

50 2234 69 2288 ἐξ
82 2232 186 2279 Ἰουδαίων
201 2231 251 2278 ἀλλά
265 2233 298 2278 καί
313 2232 332 2287 ἐξ
347 2232 423 2288 έθνῶν,
445 2235 505 2276 τούτο
519 2231 582 2290 λέγων
597 2232 627 2277 ὅτι
641 2231 678 2289 την
693 2233 767 2277 οίκείαν

49 2307 82 2350 καί
96 2308 135 2350 νύν
150 2302 381 2362 χρηστότητασυνηθως
396 2303 556 2360 ἐπιδεικνύμενος
571 2303 582 2349 ὁ
596 2303 653 2358 θεός,
669 2304 767 2357 ἐξελέξατο
775 2322 794 2349 εο

50 2376 102 2436 ἡμεῖς
116 2375 181 2435 χάριτι
194 2374 243 2428 τούς
257 2375 293 2434 μέν
308 2374 348 2421 ἀπδ
362 2374 473 2430 Ἰουδαίων,
488 2374 536 2427 τούς
551 2375 572 2420 δὲ
583 2373 621 2420 ἀπό
633 2375 708 2430 ἐθνῶν,
723 2375 768 2422 ἑκα-

50 2449 139 2507 τέρωθεν
156 2448 192 2501 οδς
207 2447 275 2503 ἀξίους
284 2445 373 2507 ἡγήσοιτο
383 2447 468 2499 τούτους
479 2447 508 2491 ἐπί
519 2446 556 2505 τόν
567 2445 668 2505 εὐσέβειαν
677 2448 768 2503 καλέσας,

52 2520 76 2567 ού
92 2520 142 2577 πρός
157 2519 220 2580 φύσιν
236 2520 351 2579 ἀποβλέψας
366 2519 413 2565 οάδέ
427 2518 489 2578 τιιύτη
505 2521 608 2574 διακρίνας
618 2516 669 2576 δμάς
680 2519 719 2566 ἀπό
729 2527 770 2568 τῶν

53 2593 132 2650 ἑτέρων,
155 2596 262 2654 δοκιμασίᾳ
280 2591 393 2651 δὲτρόπον
411 2591 459 2644 τούς
475 2591 511 2648 μέν
530 2590 658 2649 ἀποβνίλλων,
681 2594 729 2648 τούς
750 2596 770 2640 δέ

53 2664 194 2723 είσδεξύμενος.
650 2686 652 2689 ’
778 2687 797 2715 τε

95 2741 133 2793 lx,
149 2743 180 2783 25.
211 2736 253 2795 Ούχ
271 2736 297 2791 ῶς
314 2739 357 2796 περί
374 2740 414 2781 τῶν
432 2737 499 2781 έθνῶν
522 2737 613 2796 εἰρημένης
634 2745 770 2798 προφητικῶς,

100 2895 124 2920 κε.
137 2887 192 2929 Spica
205 2878 267 2928 αύξειν.
293 2893 317 2919 νο,
330 2887 347 2921 V..
361 2880 370 2919 ‘o'
382 2886 398 2918 in
411 2885 456 2928 Spin.
468 2895 501 2920 non
514 2886 579 2929 legitur.
