1773 3073
117 78 149 115 150
336 79 449 114 THEODORI
461 79 611 116 MOPSVESTENI

119 192 179 230 ούντο
193 187 229 241 τῆν
244 185 335 242 σπονδὴν
349 190 386 229 τού
401 185 504 229 δεικνύναι
513 186 550 229 τόν
560 187 648 244 Χριστόν
664 186 701 229 οὐκ
715 182 835 237 άκολούθως

118 264 161 310 ταῖς
175 258 298 313 ἐπαγγελίαις
312 257 332 311 ἐξ
345 255 435 315 Ἀβραάμ
449 258 481 302 καί
493 258 560 315 Λαβίδ
569 256 675 316 γεγονότα,
690 259 723 302 καί
733 256 766 302 διά
776 261 836 303 τούτο

119 331 232 386 ἐπεχείρουν
250 330 284 372 καί
300 327 325 372 τά
342 328 390 386 γένη
405 327 429 373 τά
444 327 520 373 παλαιά
535 332 648 387 διηγεῖσθαι
667 332 738 387 δῆθεν,
759 328 792 386 ἀφ’
808 325 837 373 ῶν

119 400 142 459 δὴ
157 398 245 452 πολλούς
259 404 300 445 τῶν
315 398 355 445 άπδ
371 401 438 446 ἐθνῶν
452 400 612 447 πεπιστευκότων
626 400 784 460 παρειάραττον,
803 400 838 447 ού-

104 472 152 518 εδέυ
165 476 206 517 τῶν
220 477 311 518 παλαιῶν
326 471 413 532 άκριβῶς
428 472 570 532 ἐπισταμένων.
599 476 672 526 Καλῶς
690 474 711 519 δέ
726 473 789 527 αὐτάς
803 475 838 520 καί

118 544 242 603 άπεράντονς
262 544 362 601 ἐκάλεσεν,
385 544 412 598 ῶς
431 549 472 591 τῶν
494 546 525 590 ἐπί
546 545 570 591 τά
592 549 676 590 τοιαύτα
698 547 838 605 ἐκφερομένων

119 616 236 676 δυναμένων
251 621 298 678 κῆδε
312 617 390 665 κάκείσε
407 617 540 677 περιάγεσθαι
557 622 585 680 τῶ
602 616 664 679 λόγῳ,
686 618 734 675 ὅπερ
755 619 777 664 ἐν
795 625 839 672 ταῖς

118 692 253 746 γενεαλογίαις
272 694 366 747 γίνεσθαι
385 690 472 748 ἀνάγκη,
495 694 534 736 νῶν
551 691 587 747 μέν
606 689 680 735 τούτου
698 690 797 748 λεγόντων
815 690 838 735 τὸ

118 762 184 819 γένος,
200 755 262 815 αὖθις
276 763 297 807 δέ
310 761 334 807 ιδ
347 762 424 819 ἐτέρου,
439 764 473 808 καί
482 762 543 808 πάλιν
553 761 593 808 άπδ
604 761 678 807 τούτου
687 762 839 820 μεθισταμένων

95 836 148 886 ιοείς
162 834 238 892 ἕτερον·
254 834 335 892 μύθους
350 835 371 880 δέ
386 833 462 887 αὐτούς
476 833 581 891 ὠνόμασεν
596 832 623 887 ῶς
636 834 663 892 μῆ
679 834 760 892 ἔχοντας
778 833 839 892 άναγ-

120 908 180 951 καίων
195 905 292 965 διῆγησιν.

161 983 179 1032 Ι,
197 984 227 1023 11.
257 978 347 1031 Εἰκότως
361 979 383 1023 δέ
398 978 497 1037 μακάριον
512 976 574 1022 αύτδν
589 979 678 1024 ἐνταῦθα
692 983 755 1030 καλεῖ,
772 977 799 1031 ῶς
813 978 839 1024 άν

121 1049 185 1095 αύτού
199 1050 236 1107 μέν
250 1050 273 1096 τό
288 1049 389 1109 μακάριον
403 1050 483 1107 ἔχοντες
499 1051 520 1095 ἐν
534 1053 558 1109 τῆ
573 1051 633 1108 φύσει
647 1050 681 1095 διά
695 1055 730 1109 τῆς
745 1049 839 1110 άτρεπτό-

121 1139 186 1180 τητος,
203 1120 250 1179 ῆμίν
264 1123 286 1167 δέ
300 1121 365 1181 χάριτι
379 1125 438 1167 τούτο
453 1126 613 1180 περιποιοῦντας,

96 1208 114 1237 ιε
162 1198 191 1248 H,
208 1200 239 1239 12.
257 1199 288 1239 11.
321 1193 348 1238 Τό
363 1195 442 1251 γυναικὶ
459 1194 481 1238 δέ
496 1192 597 1239 διδάσκειν
613 1195 634 1239 ἐν
649 1195 740 1256 ἐκκλησίη
751 1193 788 1239 ούκ
800 1195 839 1240 ἐπι-

122 1267 187 1323 τρέπω
202 1265 294 1324 δηλονότι
309 1267 403 1324 περὶτῆς
421 1266 442 1311 ἐν
460 1269 521 1327 κοινῷ
536 1266 674 1319 καταστάσεως
691 1266 750 1324 λέγει,
771 1265 798 1320 ῶς
815 1266 841 1312 ῶν

123 1338 147 1383 ού
163 1339 208 1384 δέον
223 1339 244 1383 έν
259 1339 351 1398 ἐκκλησία
366 1337 429 1389 αύτίις
449 1337 560 1383 διδάσκειν
580 1340 625 1397 περὶ
642 1337 681 1396 γάρ
698 1357 729 1383 τοι
746 1343 781 1396 τῆς
798 1336 840 1383 κατ’

123 1409 179 1456 οἰκον
194 1409 322 1469 άναστροφῆς
337 1409 404 1455 αύτῶν
418 1415 481 1455 ταῦτα
493 1414 629 1468 νομοθετῆσαι
643 1409 681 1455 οὐκ
691 1411 717 1455 άυ
727 1427 774 1454 ποτε
787 1409 838 1468 ῆνεί-

122 1500 166 1541 χετο
185 1487 278 1538 Παῦλος,
300 1480 343 1526 οὐδ’
362 1480 388 1526 ῶν
407 1480 492 1526 ἐκῶλυσε
509 1488 606 1538 γυναῖκας
623 1481 637 1539 ῆ
655 1481 778 1540 άσεβούντας
791 1483 840 1535 τούς

97 1554 199 1613 ιοάνδρας
212 1553 316 1600 παιδεύειν
330 1553 366 1612 τῆν
381 1553 492 1612 εὐσέβειαν,
507 1552 520 1612 ῆ
535 1553 561 1612 μῆ
570 1554 662 1607 ’δεόντως
673 1555 840 1613 πολιτευομένους

123 1628 154 1671 ἐπὶ
168 1627 193 1672 τά
210 1630 245 1683 τῆς
262 1626 333 1684 άρετῆς
350 1626 398 1683 ἔργα
415 1625 517 1682 προάγειν.
546 1627 586 1670 Καὶ
603 1625 666 1683 Ἀδάμ
683 1626 720 1671 ούκ
736 1626 839 1685 ῆκατῆθη,

124 1698 190 1757 ἐπειδῆ
206 1699 283 1743 ἐκείνου
297 1697 334 1755 μέν
347 1701 382 1756 τῆς
397 1695 474 1756 οἰπίιτης
487 1697 524 1756 τῆν
539 1700 604 1743 αἰτίαν
619 1696 669 1756 είηεν
684 1698 743 1756 κύτη,
759 1698 809 1758 αὐτῆ
819 1698 841 1745 δέ

124 1770 153 1816 ἐπ’
169 1772 244 1816 ἐκεῖνον
258 1770 296 1828 τῆν
311 1772 376 1815 αἰτίαν
391 1769 484 1827 στρέφειν
499 1768 537 1814 ούκ
550 1769 645 1827 ῆδύυατο.

165 1847 203 1895 111,
218 1847 236 1887 λ.
267 1840 398 1887 Γελοιότατον
413 1841 468 1900 παρά
482 1847 523 1893 τοίς
538 1847 619 1895 πολλοῖς
634 1843 687 1887 ἐστιν
702 1841 752 1888 αύτό
767 1848 844 1901 φυλατ-

98 1915 208 1971 κετόμενον
219 1917 282 1971 δῆθεν
292 1912 366 1972 εύρείν·
382 1914 449 1969 εἰμέν
463 1915 501 1970 γάρ
516 1931 546 1965 τις
561 1917 590 1971 εἰη
605 1913 692 1972 σῶφρων
707 1913 734 1966 ῶς
746 1915 842 1973 δευτέραν

124 1986 222 2045 άγόμενος
236 1991 339 2043 γυναῖκα,
361 1990 434 2031 τούτου
455 1985 480 2031 ού
499 1989 614 2044 προσίενται
631 1989 659 2039 είς
678 1991 762 2047 κλῆρον,
786 1990 802 2032 εἰ
821 1987 842 2033 δέ
878 2016 879 2019 =

124 2052 198 2119 βιῶσας
216 2076 246 2112 τις
263 2058 290 2112 ῶς
308 2058 332 2103 ού
349 2063 437 2116 προσῆκε
457 2062 504 2116 μίαν
521 2058 606 2116 ἠγάγετο
623 2059 673 2105 κατά
687 2059 761 2118 νόμον,
783 2055 843 2113 οὗτος

124 2136 151 2186 εἰς
165 2133 226 2192 μέσον
239 2130 358 2189 παράγεται,
373 2133 407 2176 καί
421 2149 450 2175 τοι
466 2131 503 2176 τόν
517 2132 554 2188 μέν
569 2131 663 2189 δεύτερον
676 2132 742 2190 γάμον
756 2138 793 2178 νοῶ
807 2151 843 2191 μα-

123 2209 195 2263 κυρίου
216 2203 302 2250 Παύλου
321 2208 391 2260 σαφῶς
408 2203 550 2261 ἐπιτρέψαντος
566 2207 667 2260 γίνεσθαι,
689 2205 754 2262 πάσης
773 2207 794 2251 δὲ
808 2212 843 2264 τῆς

99 2274 178 2332 ειπαρά
192 2275 228 2320 τόν
242 2274 329 2333 νόμιμον
343 2272 409 2332 γάμου
423 2276 490 2332 κοίτης
504 2277 599 2331 πορνείας
618 2274 684 2332 ούσης.
714 2281 790 2334 Σαφῶς
810 2279 843 2323 καὶ

124 2351 207 2407 παρίημι
221 2347 269 2400 τέως
285 2347 357 2401 ἐκεῖνο,
380 2346 412 2391 ότι
425 2347 459 2391 καί
477 2344 515 2391 δύο
532 2353 630 2402 γυναῖκας
647 2346 751 2404 εἰληφότα,
774 2353 844 2407 σαφῶς

126 2423 222 2477 νομίμους
233 2420 291 2478 λέγω,
307 2421 438 2478 βαπτίσαντες
448 2419 480 2464 ἐπὶ
493 2417 530 2463 τόν
544 2422 619 2477 κλῆρον
627 2418 759 2477 Ἰπαράγουσιν
774 2419 842 2476 άδεῶς,

125 2494 224 2550 καίτοιγε
239 2493 270 2538 ἐπί
284 2494 325 2538 τῶν
339 2496 415 2538 λοιπῶν
430 2490 479 2538 υύτδ
495 2489 633 2550 φνλάττεσθαι
646 2494 760 2546 δοκοῦντες,
776 2491 803 2547 ῶς
818 2493 844 2540 ῶν

125 2569 161 2609 τού
175 2568 308 2624 βαπτίσματος
319 2570 428 2617 ποιούντος
440 2564 503 2611 αύτόν
517 2564 583 2609 ον’κέτι
597 2563 649 2609 εἶναι
659 2565 788 2628 συνφκηκότα
798 2568 843 2612 δυσὶ

99 2640 213 2695 ιεγυναιξί·
234 2638 329 2692 πολλάκις
349 2638 371 2684 δέ
389 2642 449 2684 τοῦτο
466 2641 498 2684 καί
517 2639 548 2683 ἐπὶ
568 2641 608 2683 τῶν
626 2637 717 2684 καθόλου
734 2644 843 2700 μοχθηρῶν

173 2806 196 2830 ιι.
210 2798 226 2832 C.
239 2798 266 2831 Cr.
280 2810 295 2841 p.
307 2800 322 2832 θ,
336 2799 355 2833 (ιλ.
381 2808 405 2832 ιε,
419 2801 436 2833 1).
449 2801 475 2834 Cr.
488 2812 503 2843 μ.
516 2801 541 2834 20,
556 2796 591 2843 (θλ
601 2793 656 2839 ’Ἄλλος
669 2795 687 2833 δέ
699 2799 723 2840 εἰς
734 2798 753 2833 τό
767 2821 780 2826 -
793 2796 843 2844 φησί’

127 2866 151 2892 τι.
165 2860 182 2894 ss.
196 2859 221 2892 Cr.
235 2869 249 2901 μ,
262 2860 289 2892 23.
302 2870 322 2893 ss,
337 2858 425 2903 Θεόδωρος
438 2857 456 2894 δέ
468 2869 520 2904 φησι·
