1773 3073
277 471 445 530 Tritonem
462 476 681 532 llo'rsvust'nnl

168 592 189 627 ια
202 592 359 632 ονιαοοτιοα
371 594 448 632 suone
461 595 629 632 eonrornn'mnu
641 592 793 631 onerandum

159 831 193 882 ll,
211 835 244 876 31.
262 835 295 875 32.
330 836 372 877 Τοῦ
391 831 505 878 ἀποστόλου
523 832 625 885 εἰπόντος*
648 832 777 890 ἣἸοοδαίιιν
791 830 839 882 θεὸς

119 900 197 957 μόνον,
208 900 257 959 οὐχὶ
272 904 294 947 δὲ
308 905 341 948 ναὶ
357 904 432 955 {busim
447 902 573 964 ιέντιτεροτᾷ
585 903 694 955 'deotimus
708 904 741 947 ταὶ
755 906 792 947 τοῦ
806 900 840 959 χα-

119 989 162 1030 ριν,
178 975 250 1031 φησιν,
272 974 325 1019 πολι)
340 974 378 1032 μὲν
392 978 419 1028 εἰς
433 974 482 1027 τούς
494 975 604 1027 Ἰουδαίους
619 975 691 1033 ἔτεμνε
705 972 728 1018 τὸ
743 990 840 1031 προφητι-

119 1043 157 1088 νὸν
171 1044 259 1102 χάρισμα
274 1047 305 1090 ναὶ
321 1045 357 1090 τὸν
367 1047 459 1091 Medoen
474 1049 507 1091 ναὶ
521 1046 544 1091 τὸ
554 1054 627 1105 χρῖσμα
636 1046 726 1097 καὶτοὺς
736 1043 841 1102 προφήτας
863 1084 865 1087 ,

104 1116 154 1160 anat
169 1115 205 1161 τὸν
220 1115 285 1174 νόμον
299 1119 332 1161 καὶ
346 1117 371 1161 τὰ
385 1116 491 1175 παράδοξα
505 1119 647 1176 moderammis)
658 1116 740 1174 μύθους
754 1115 842 1168 Ἀνούεις

120 1186 158 1244 γὰρ
174 1187 241 1232 αὐτῶν
256 1186 362 1246 βοώντων·
384 1187 447 1247 ι’ἱρτον
462 1188 552 1246 diotimo
567 1189 642 1247 ἔφανεν
657 1189 771 1247 ἅνθρωπος.
799 1187 841 1232 Ἐπὶ

120 1259 189 1311 ullove
208 1260 229 1304 δὲ
247 1260 279 1304 ναὶ
294 1259 330 1304 τὸν
343 1258 422 1317 Ἰησοῦν
437 1259 523 1317 ἔτεμνεν
539 1260 627 1312 ἐκείνοις.
655 1258 689 1304 Ἐν
704 1260 803 1316 δευτέροις
821 1259 842 1303 δὲ

165 1382 228 1414 Lueam
241 1386 258 1415 et
271 1382 362 1414 Iohannem
376 1382 475 1415 Theodorus
488 1383 570 1415 Ehediesu
583 1386 626 1416 teste
638 1383 703 1415 duobus
715 1384 765 1415 tomis
777 1383 797 1413 ad
810 1383 842 1414 Eu·

121 1442 185 1473 sebinm
203 1441 293 1474 enarravit.
321 1449 336 1473 n.
354 1441 476 1474 commentarii
493 1442 581 1483 theodorei
599 1442 615 1474 iu
631 1443 695 1475 Lucam
707 1442 801 1484 fragmenta
813 1452 842 1476 sex

121 1510 181 1543 graeoa
194 1502 238 1533 Frid.
251 1501 319 1536 lliinter
331 1501 349 1533 in
361 1501 416 1533 libro:
433 1502 532 1544 Fragmenta
546 1505 613 1543 patrum
625 1510 730 1544 graecorum.
753 1499 818 1535 Fascio.
831 1502 843 1533 l.

100 1553 102 1556 ¹
121 1560 172 1593 llaln.
185 1561 234 1595 tiss.
246 1563 263 1595 8.
275 1570 292 1602 p.
304 1560 325 1593 79
338 1570 360 1594 ss.
373 1561 437 1602 primus
450 1562 502 1594 edidit
514 1565 531 1594 et
543 1561 634 1595 illustravit
646 1571 698 1603 eaque
710 1561 800 1603 exscripsit
811 1562 843 1593 Ro·

121 1629 158 1653 mae
171 1621 187 1653 in
200 1621 240 1654 bibl.
255 1621 318 1654 Cossio.
332 1629 351 1653 en
364 1621 461 1662 apographo
474 1621 506 1654 uiri
519 1621 575 1663 docti,
588 1631 638 1663 quem
650 1620 741 1663 Fogglnum
754 1619 806 1652 tuisse
819 1629 844 1652 sn-

121 1681 200 1721 spieatur.
224 1681 281 1713 Sumta
294 1684 335 1713 sunt
346 1690 366 1712 ex
378 1680 415 1712 eodo
428 1681 478 1722 palat.
488 1680 519 1712 XX
531 1685 607 1713 catenam
621 1684 687 1721 patrum
700 1680 716 1711 in
729 1681 792 1711 Lucam
804 1689 843 1711 oon-

122 1739 191 1773 tinente.
220 1740 277 1771 Primo
294 1740 386 1780 praemissa
403 1742 443 1772 sunl
460 1740 525 1773 verba:
544 1738 563 1772 Θ.
576 1738 601 1772 M.
617 1733 635 1771 ἐκ
655 1737 685 1781 τῆς
702 1736 745 1780 πρὸς
762 1735 783 1771 τὰ
801 1735 844 1771 κατὰ

122 1798 229 1841 Χριστιανῶν
241 1797 344 1842 κατηγορίας
352 1793 442 1832 Ἰοοιιοὶνον
455 1798 485 1832 τοῦ
496 1795 608 1844 αοροβοίτον,
621 1799 670 1831 alteri
682 1809 698 1832 v.
713 1798 749 1832 Τοῦ
761 1794 814 1832 αὐτοῦ
827 1794 844 1831 ἐν

122 1857 157 1891 τιόν
169 1854 234 1897 αὐτῶν,
251 1861 266 1892 ei
279 1859 352 1901 denique
365 1860 409 1901 quod
422 1859 443 1891 ad
454 1860 493 1893 Lno.
506 1860 538 1900 el,
550 1859 561 1892 7
573 1869 594 1893 ss.
607 1863 671 1899 souotat
683 1869 699 1892 v,
718 1853 747 1890 Έι
758 1858 788 1900 τῆς
800 1855 843 1900 πρὸς

123 1914 220 1950 Ἰονιιῖανον.
244 1920 274 1951 His
287 1919 343 1950 uerbis
356 1919 402 1950 nisus
414 1919 482 1953 illinies
494 1919 602 1951 Theodorum
614 1917 677 1951 librum
690 1921 749 1951 eontra
760 1917 844 1950 lulianum

124 1978 212 2020 scripsisse
230 1979 307 2020 opinatus
325 1983 358 2020 est,
376 1988 395 2011 ex
411 1988 444 2020 quo
456 1979 485 2011 illa
498 1978 590 2020 fragmenta
604 1979 654 2019 petita
667 1981 729 2010 essent.
754 1977 790 2018 Ego
804 1987 845 2010 vero

123 2038 231 2070 Theodorum
241 2038 281 2071 haee
293 2038 329 2079 ipsa
342 2038 358 2070 in
371 2038 492 2071 commentario
505 2039 522 2070 in
530 2039 593 2070 Lnonm
605 2037 704 2079 disputasse,
717 2037 733 2069 iu
742 2046 776 2078 quo
784 2036 845 2069 Iuliani

77 2094 78 2097 ’
123 2101 219 2131 oornmonta
231 2096 308 2138 pluribus
321 2097 419 2137 refutasset⁷
432 2098 448 2129 in
462 2100 550 2129 comment.
563 2107 578 2138 p.
592 2096 634 2129 80s.
647 2096 758 2138 probabiliter
767 2097 845 2129 docuisse

123 2157 164 2190 mihi
177 2152 241 2190 videoi.
266 2157 288 2190 ib.
297 2156 383 2189 Articulus
396 2151 405 2188 ὁ
414 2159 452 2188 ante
460 2155 502 2193 θεὸς
510 2166 569 2189 errore
577 2157 645 2189 ridetur
653 2156 716 2189 deesse.
742 2164 756 2188 α.
766 2156 787 2188 el.
795 2158 845 2188 Rom.

124 2215 182 2255 Mt),
207 2222 221 2249 ο.
234 2217 256 2249 of.
269 2215 329 2248 Psalm.
341 2215 369 2256 77,
380 2216 407 2248 25.
420 2216 440 2247 ol¹
453 2215 464 2247 l.
476 2215 529 2249 exod,
542 2214 611 2255 ie‚15.
626 2216 662 2247 lon.
674 2215 690 2256 d,
703 2214 729 2248 31.
754 2217 845 2249 nlluous-
872 2245 881 2262 a

125 2285 156 2317 que
168 2277 268 2310 Theodorus
280 2275 365 2309 Iulianum
377 2285 396 2308 ea
409 2275 519 2308 disserentem
533 2274 578 2317 feeit,
590 2284 633 2317 quae
641 2275 675 2308 iam
686 2276 760 2309 refutare
771 2277 847 2309 nolebat:

125 2336 178 2368 ileum
190 2338 291 2370 ludaeorum
308 2336 424 2369 tantummodo
437 2345 494 2368 euram
507 2336 585 2378 gessisse.
608 2336 664 2368 Nesus
677 2336 768 2368 verborum
780 2336 848 2374 Iuliani,

125 2399 144 2427 ut
155 2404 174 2427 ex
186 2396 230 2429 libro
238 2398 268 2430 lll.
279 2395 337 2438 Cyrilli
347 2396 394 2429 Alex.
403 2396 441 2429 adv.
450 2396 480 2428 lul.
490 2394 657 2439 (οιί.1Έτ.8ριιιιιοοιο«Ι
667 2395 712 2438 Llps.
722 2395 770 2430 loeo.
779 2405 794 2437 p.
803 2395 848 2437 too.)

126 2455 234 2497 intelligitur,
247 2458 275 2490 lrio
287 2460 322 2489 est:
345 2459 409 2489 llooent
421 2456 487 2494 llloses,
500 2456 576 2489 Glrristns
589 2459 606 2488 et
617 2456 687 2493 Paulus,
700 2456 754 2487 Deum
766 2457 786 2488 ab
800 2457 849 2488 initio

126 2513 225 2547 ludaeorum
243 2517 296 2549 solum
314 2526 371 2549 ourani
388 2517 473 2560 gessisse,
491 2520 516 2550 est
533 2519 590 2549 tamen
608 2516 625 2548 in
642 2515 673 2548 boo
690 2517 711 2548 de
724 2516 759 2548 lleo
772 2516 848 2549 doctriua

126 2583 191 2606 summa
202 2575 248 2607 Pauli
261 2577 384 2609 inconstantia:
399 2574 471 2609 Δίκαιον
483 2566 514 2609 οὖν
526 2571 595 2616 ἐρέσθαι
606 2570 637 2608 τὸν
647 2572 717 2608 Παῦλον
727 2574 771 2619 (soil.
780 2568 850 2618 propter

126 2634 182 2666 locum
195 2635 222 2665 cil.
234 2637 282 2670 Rom.
296 2638 315 2673 3,
327 2637 362 2678 nti.)
376 2635 391 2668 οἱ
401 2633 424 2679 μὴ
436 2636 470 2669 τῶν
482 2632 569 2670 Ἰουδαίαν
581 2633 639 2678 μόνον
651 2626 672 2677 ἦν
684 2630 694 2667 ὁ
705 2634 756 2673 θεὸς,
768 2632 810 2668 oillei
822 2626 851 2668 ααὶ

112 2691 161 2725 τῶν
173 2688 239 2731 ἐθνῶν,
256 2693 287 2727 τιν’
298 2692 347 2738 χάριν
358 2707 373 2729 α,
386 2707 400 2729 τ.
414 2691 426 2728 ὲ.
454 2697 554 2730 Theodorus
572 2699 628 2728 autem
646 2704 702 2736 suum,
720 2705 769 2738 qrram
783 2696 850 2737 adiecit,

127 2753 247 2786 refutationem
260 2755 281 2787 ita
295 2755 376 2799 instituit,
388 2760 406 2789 nt
418 2756 477 2790 iuliani
491 2757 542 2791 verba
555 2756 649 2798 onoiperet,
662 2755 677 2788 n.
690 2766 712 2790 r.:
726 2757 783 2790 neore,
808 2756 851 2790 Con·

129 2814 202 2857 tigerunt
215 2814 242 2847 illa
256 2815 327 2848 ludaeis.
352 2817 413 2850 Verum
430 2837 456 2851 -.
