1773 3073
120 78 142 115 80
339 75 450 110 THEODURI
462 76 613 112 MOPSVESTENI

121 183 182 244 ἐκερα.
212 181 252 226 Καί
270 177 373 235 συντόμως
392 182 428 222 τοῦ
450 179 555 239 εἰρημένου
574 179 612 238 τήν
633 179 718 227 ἀτοπίαν
739 177 834 237 ἐλέγχων·

120 259 216 312 μενοῦνγε
230 247 246 296 σί
259 250 364 305 ἀνθρωπε,
389 249 414 294 σι)
429 252 458 303 τίς
472 250 490 295 εί
504 250 515 296 ὁ
530 250 725 310 ἀνταποκρινόμενος
739 254 767 312 τῷ
781 254 833 311 θερί;

119 322 275 383 θαυμασιώτατα
297 320 337 366 ἀπό
360 325 395 379 τής
417 322 497 368 ἐκείνων
519 321 642 381 ἀποκρίσεως
664 326 701 368 τοό
725 321 834 379 λεγομένου

119 396 196 448 θεικυός
206 393 228 440 τό
239 393 316 452 εόηθες.
347 393 376 439 Οά
391 393 429 453 γὰρ
445 395 540 453 ἐπιτεμεῖν
555 395 582 448 όίς
596 413 648 448 τινες
662 394 760 457 ηίήθησαν
774 398 834 439 τοῦτο

105 468 225 526 εέπήγαγεν,
242 466 319 524 ἐπείπερ
335 466 414 524 σςοόόρα
429 466 534 524 ἀλλότριον
548 473 586 512 τοῦ
600 471 699 526 μακαρίου
712 466 797 511 Παόλου
811 466 834 511 τό

118 540 215 597 πρότασιν
229 542 268 581 τείν
284 538 380 583 ἐναντίων
400 540 492 592 τιθέντα,
515 540 626 597 ἐπιτίμησιν
644 538 724 596 ἐπάγειν
742 538 781 594 πρό
800 542 835 596 τής

117 615 154 655 τοῦ
168 609 290 668 ζητουμένου
304 609 388 662 λύσεως·
412 611 470 669 έχρήν
489 611 510 655 δέ
529 611 578 662 τούς
597 614 657 654 τοῦτο
678 609 783 667 οἰηθέντας
801 611 835 654 καί

118 682 168 739 πρός
183 683 247 727 ἐκεῖνο
262 683 320 733 ίθελν,
336 681 366 727 ότι
381 683 412 727 ἐπί
427 681 501 735 λύσεως
514 681 537 727 τό
552 686 648 740 μενοῦνγε
664 681 711 733 ἐθος
725 685 835 740 κεχρῆσθαι

118 761 146 817 τῷ
161 753 274 815 ἀποστόλην,
297 754 341 799 ἀντί
359 759 396 799 τοι]
413 756 445 800 καί
463 754 503 813 μήν
522 754 544 801 τό
564 758 661 812 μενοῦνγε
681 755 764 811 λέγοντι.
793 745 847 800 Καί

93 832 177 874 ιοτουτο
192 825 232 886 μετ’
248 825 273 872 οό
287 825 340 872 πολό
354 845 384 880 τις
398 825 487 886 εὑρήσει·
509 829 614 886 προτείνας
632 826 671 885 γάρ
689 826 762 888 ἐαυτῷ,
784 824 834 871 ἀλλά

117 920 139 959 γε
156 901 206 957 λέγω
225 898 251 957 μή
274 897 311 943 οάκ
330 899 430 957 ήκουσανς
452 898 530 956 ἐπάγει,
552 903 649 956 μενοῦνγε
667 901 695 950 είς
712 903 779 943 πᾶσαν
797 897 834 956 τήν

118 974 257 1031 γήνέξήλθεν
277 970 287 1016 ό
308 970 400 1029 φθόγγος
415 970 491 1027 αάτων,
513 975 582 1029 σαφελς
597 972 628 1016 ἐπὶ
642 969 697 1015 λόσει
711 974 748 1015 τοῦ
762 986 832 1028 προτε-

118 1045 190 1096 θέντος
204 1042 241 1100 τήν
256 1042 362 1101 ἐπαγωγὴν
376 1042 514 1100 ποιησόμενος.
546 1043 603 1087 Οὕτω
622 1041 728 1087 κάνταῦθα
742 1041 797 1087 λόων
811 1041 834 1087 τό

118 1115 145 1173 μή
161 1117 182 1160 ἐν
197 1113 265 1166 αὐτοῖς
280 1113 331 1158 εἶναι
345 1121 409 1158 ποιεῖν
424 1113 473 1170 ἀπερ
489 1113 514 1158 όίν
529 1114 651 1172 βούλωνται,
673 1112 782 1171 ἐπανήγαγεν,
802 1130 835 1170 με-

93 1191 191 1245 ιτνοιίνγε
210 1181 226 1231 εί
246 1186 351 1246 ἀνθρωτε,
374 1185 399 1231 σό
417 1188 446 1239 τίς
461 1184 479 1231 εί
493 1184 504 1232 ὁ
519 1185 715 1245 ἀνταποκρινόμενος
733 1189 760 1248 τῷ
778 1189 834 1248 θεηίς

121 1261 200 1317 Λέγεις,
216 1260 287 1316 φησίν,
303 1257 329 1311 ὥς
344 1257 382 1303 οάκ
396 1258 451 1312 ἀξιος
466 1257 485 1303 εί
497 1258 596 1315 μέμψεως,
613 1259 660 1304 οάόέ
674 1258 713 1315 γάρ
729 1260 750 1303 ἐν
765 1260 796 1302 σοί
810 1258 833 1302 τό

119 1337 184 1376 ποιεῖν
198 1330 212 1377 όί
226 1329 301 1388 βούλει·
317 1331 349 1375 καί
365 1328 404 1388 μήν
419 1328 457 1388 οὐχ
471 1329 568 1389 ἑτέρωθεν
582 1333 618 1375 τοῦ
632 1329 741 1387 λεγομένου
755 1333 834 1388 συνορολ

120 1403 156 1462 τήν
171 1402 276 1461 εὐήθειαν,
297 1401 337 1447 ἀλλ’
353 1400 393 1447 ἀπό
407 1406 442 1460 τής
457 1407 493 1460 σής
507 1401 639 1460 ἀποκρίσεως·
660 1402 701 1447 είπέ
715 1401 754 1459 γάρ
768 1420 803 1459 μοι
818 1396 834 1446 οέ

121 1475 216 1535 ἀνθρωπε
236 1474 289 1528 ὅστις
308 1473 351 1520 ποτ’
372 1473 398 1520 ἀν
413 1478 454 1532 είης
468 1472 479 1520 ὁ
493 1473 572 1528 τοότοις
586 1473 637 1534 πρός
651 1474 701 1521 θεόν
715 1473 834 1533 κεχρημένος

95 1555 163 1600 αυτοῖς
177 1548 273 1606 ῥήμασιν,
291 1549 336 1591 τίνα
350 1546 401 1591 εἶναι
416 1547 495 1604 βούλει,
513 1552 576 1592 καλου
591 1549 657 1593 τεκαὶ
672 1552 735 1592 κακοῦ
750 1546 833 1604 θιόιγνω-

122 1631 154 1665 σιν
169 1617 196 1672 τίς
210 1618 250 1676 φής
265 1617 361 1675 οὐδεμίαν
374 1618 426 1676 ’ἐχειν
441 1617 563 1675 (λουόμενον,
578 1617 625 1664 οάόέ
636 1619 721 1676 ἐκλέγειν
735 1618 758 1664 τό
772 1618 835 1664 καλόν

122 1690 161 1737 ἀπό
176 1696 212 1736 τοῦ
226 1692 316 1748 χείρονος
330 1689 405 1742 είόότα,
427 1689 503 1749 ἀνάγκη
523 1690 544 1735 (λέ
562 1695 660 1738 ποιοῦντα
676 1690 699 1735 τό
714 1694 789 1736 θοκοάν
806 1695 834 1752 τῷ

122 1767 164 1824 θεῷ
179 1764 211 1807 καί
224 1762 275 1820 πρός
288 1755 354 1807 τοῦτο
363 1762 448 1820 ῥέποντα
462 1764 494 1807 καί
509 1762 573 1824 κου’τηι
587 1761 697 1820 ήόόμενον,
720 1766 757 1808 είτε
771 1762 834 1808 καλόν

123 1833 174 1880 εἶναι
188 1838 225 1880 είτε
238 1834 301 1879 κακόν
316 1832 365 1879 αάτό
380 1836 495 1892 συμβαίνοι;
515 1836 548 1879 καὶ
567 1839 609 1887 πως
626 1833 651 1879 οά
668 1839 728 1879 τοῦτο
749 1835 779 1879 ἐπί
794 1839 834 1884 τεόν

96 1910 199 1952 κεσαυτοιί
214 1905 309 1958 θεικνόεις
323 1904 416 1964 ῥημάτων
420 1925 427 1958 3
441 1905 560 1951 τούναντίον
575 1907 611 1964 μέν
626 1902 664 1952 οὖν
679 1907 745 1959 ἐοικας
760 1906 793 1964 ἀφ’
805 1902 833 1956 οἷν

122 1978 247 2038 ἀντιφθέγγη
261 1983 289 2039 τῷ
303 1983 345 2040 θερί
359 1977 445 2036 ἀκριβῶς
460 1979 532 2024 εἰδέναι
546 1983 582 2024 τοῦ
596 1984 659 2024 καλοιλ
673 1982 757 2024 καὶτοῦ
771 1982 833 2036 χείρο-

73 2104 75 2108 ³
121 2069 157 2103 νος
170 2050 207 2108 τήν
221 2049 329 2107 θιάκρισιν,
350 2050 402 2095 ὅπου
415 2067 437 2107 γε
451 2052 483 2094 καί
498 2049 570 2107 λόγους
584 2052 628 2108 περί
643 2052 737 2108 ἐκατέρου
757 2049 833 2095 τοότων

121 2127 178 2183 ποιῇ,
193 2122 226 2168 καί
240 2120 277 2180 τήν
287 2124 352 2167 αἰτίαν
361 2126 401 2167 τῶν
410 2122 533 2180 γιγνομένων
543 2124 573 2168 ἐπί
583 2122 634 2168 θεόν
644 2122 753 2183 ἀναφέρειν
763 2123 833 2168 έσποό.

122 2199 195 2251 θακας,
213 2193 285 2239 ἑαυτόν
300 2193 395 2239 ἀπολύων
409 2198 443 2251 τής
458 2195 488 2238 ἐπί
502 2202 544 2247 τοῖς
558 2195 704 2253 πεπραγμένοις
718 2194 832 2248 αἰτιάσεως·

96 2267 134 2326 εοή
148 2267 192 2325 οὐχί
206 2271 269 2312 ταῦτα
283 2267 316 2310 καί
331 2265 406 2317 είθότος
420 2266 472 2310 ἐστίν
486 2270 522 2310 τοῦ
536 2282 557 2310 τε
571 2270 634 2310 καλοῦ
646 2267 678 2310 καί
693 2271 730 2311 τοῦ
744 2269 833 2323 χείρονος

121 2339 157 2397 τήν
174 2339 246 2398 φύσιν,
268 2339 302 2383 καί
318 2337 402 2396 ἐκλέγειν
421 2337 514 2396 έκάτερον
529 2336 596 2382 αὐτῶν
607 2336 650 2382 ἀπό
665 2343 701 2383 τοῦ
716 2339 784 2396 ἐτέρου
799 2343 833 2385 θυ-

66 2467 68 2470 .
121 2411 207 2469 ναμένου
217 2415 296 2470 σαφῶς,Ι
311 2409 439 2468 Καιριοίτατα
448 2409 515 2468 μέντοι
525 2411 556 2456 καί
571 2409 607 2463 τόις
621 2409 687 2468 ῥήσεις
701 2409 833 2468 ἀντέκρουσεν

121 2485 149 2535 είς
162 2486 240 2540 μείζονα
256 2484 342 2542 ἔμφασιν
356 2487 392 2528 τοῦ
406 2482 515 2540 λεγομένου
528 2487 563 2541 τῆς
577 2482 673 2535 ἀτοπίας·
698 2483 780 2541 είρηκείς
793 2483 832 2542 γάρ

121 2555 143 2600 ἐκ
156 2560 192 2600 τοῦ
206 2560 245 2601 τῶν
259 2556 355 2601 ἐναντίων
369 2553 490 2615 προσώπου·
504 2559 532 2617 τῷ
546 2554 585 2614 γὰρ
600 2553 710 2613 βουλήματι
725 2554 789 2601 κότον
803 2558 832 2609 τίς

93 2625 250 2686 κεάνθέστηκεν,
272 2626 416 2686 ἀντεπήγαγεν·
438 2627 463 2673 σιί
478 2630 507 2681 τίς
526 2625 544 2672 εί
561 2625 572 2672 ό
591 2625 786 2687 ἀνταποκρινόμενος
804 2634 832 2690 τῷ

165 2788 270 2829 ικ.1ό,18,
295 2789 387 2832 ιοὸρλαε
404 2786 502 2834 βοόλειςιε,
527 2789 618 2832 νι.5μίυ.ι
635 2785 707 2823 ἐκλιὸν.
737 2789 829 2830 29,spio.:

118 2843 247 2893 πεφραγμένως.
273 2855 296 2879 σε.
310 2849 361 2890 ὅμως
374 2845 486 2891 ἀντέκρουσες.
