1723 3073
233 100 255 132 IN
270 99 392 135 EPISTOLAM
403 100 432 133 Al}
443 99 553 151 ROMANos.
730 96 752 133 89

34 201 113 261 Ἰσραὴλ
128 202 165 248 ούκ
180 203 239 261 έγνοις
260 202 304 251 ἀντὶ
321 208 358 250 τοῦ
375 204 425 250 ἀλλά
442 205 468 265 μη
487 209 547 251 τούτο
566 206 617 264 έρεῖς
637 202 667 249 ότι
682 202 753 267 καινόν

37 274 106 328 αὐτοῖς
123 275 146 321 ιδ
161 280 242 334 πρᾶγμα
255 276 369 335 νενόμισται
383 276 406 322 τό
420 277 468 331 τούς
482 279 501 332 έξ
517 278 584 324 έδνάν
603 279 755 336 προσειληφέναι

36 349 64 400 είς
77 346 115 404 την
129 346 240 406 εὐσέβειαν,
260 350 293 393 καί
312 349 345 395 διόι
363 353 422 394 τούτο
440 348 466 403 ὥς
485 351 516 395 έπλ
529 354 592 411 καινῷ
609 347 755 407 ταραττόμενοι

36 420 59 465 τό
74 418 139 478 δόγμα
153 418 285 478 διαμάχονται
298 420 321 466 τό
335 420 441 480 ἡμέτερον·
455 423 488 467 καί
503 421 543 480 μην
557 421 620 476 εὐθύς
634 423 728 479 Μούσης
742 418 754 466 ὁ

36 492 72 537 τόν
91 490 156 549 νόμον
175 491 244 544 αὐτοῖς
262 492 353 545 δεδοικοές
372 496 464 551 φαίνεται
483 493 590 553 πόρρωθεν
608 496 629 540 έκ
647 498 684 539 τού
701 497 754 538 θεοῦ
772 511 780 539 τ

37 564 232 622 διαμαρτυρόμενος,
253 564 283 610 ότι
302 564 326 624 δίη
343 564 420 610 τούτοιν
436 565 487 623 πρός
503 565 526 610 τό
544 572 610 623 χεῖρον
624 564 751 620 νευσάντων,

37 637 70 682 καὶ
85 635 145 690 αὐτός
160 637 256 693 έκλέξεται
269 636 293 683 τίι
309 637 358 695 έθνη
373 636 413 694 πρό
423 636 508 693 τούτων,
523 636 626 692 κάκείνους
635 642 670 696 τῆς
680 640 754 691 οἰκείας

38 708 117 761 ἀξιώσει
131 712 238 765 προνοίας,
259 710 308 753 ὥστε
323 713 418 764 α’ίσδησιυ
433 708 507 760 αύτούς
521 709 560 753 ἀπὸ
575 715 614 753 τάν
631 710 754 767 πραγμάτων

40 783 114 837 λαβεῖν.

80 852 119 904 XI,
137 858 154 896 1.
181 850 261 908 Ἐπειδὴ
275 855 312 896 τοῦ
326 869 346 896 τε
360 851 425 908 νόμου
439 850 461 896 τό
476 850 573 909 χρήσιμον
590 852 629 898 ἀπό
644 857 684 897 τῶν
698 869 781 898 κεπτ-ιο

41 920 154 968 στευκότοτν
169 923 252 977 ἔδειξεν,
267 923 300 966 καί
314 926 338 982 τῇ
352 921 403 977 πρὸς
417 921 453 975 τοίς
467 921 590 982 ἀντιρρήσεις
604 923 705 982 ἀποκρίσει
718 924 755 982 τὴν

39 994 89 1041 κατα
105 999 145 1039 τάν
160 993 296 1053 ηπιστηκότιιν
310 996 434 1053 κατηγορίαν
446 995 551 1049 ἐπέτεινεν,
567 994 593 1047 οδς
608 995 655 1041 οὐδὲ
669 997 717 1052 μίαν
731 1000 755 1054 τῇ

39 1067 116 1113 ἑαυτῶν
130 1069 189 1127 κακίηι
204 1064 300 1124 διαβολὴν
315 1070 342 1127 τῷ
354 1065 409 1127 νόμην
420 1065 532 1125 φερόντων,
548 1065 674 1125 ἀπολογεῖται
683 1066 755 1112 λοιπόν

39 1140 72 1185 καί
92 1140 136 1196 περὶ
156 1142 192 1183 τοῦ
211 1138 272 1195 μηδέν
290 1138 321 1183 έπὶ
340 1142 423 1197 διαβολῇ
441 1143 476 1196 της
489 1143 526 1183 τού
538 1136 627 1198 Ἀβραὰμ
642 1142 756 1197 συγγενείας

40 1210 139 1268 εἰρηκέναι
158 1209 192 1256 διό
211 1213 246 1268 τῆς
263 1208 313 1255 κατά
327 1213 367 1255 τάν
380 1207 628 1268 ήπιστηκότονμέμψευς.
653 1206 703 1269 Ἆρα
717 1210 755 1269 γάρ
764 1230 782 1259 ιτ

41 1295 103 1342 φησιν
122 1286 158 1327 τού
177 1282 213 1341 μέν
231 1280 295 1339 νόμον
313 1280 350 1340 τὴν
370 1283 486 1340 οἰκονομίαν
505 1281 625 1341 θαυμαστήν
641 1300 687 1327 τινα
705 1281 757 1328 εἶναι

42 1354 149 1411 νενόμικα,
163 1354 201 1412 την
215 1354 331 1410 συγγένειαν
346 1353 367 1397 δέ
381 1358 418 1397 τοῦ
431 1352 520 1412 Ἆβραάμ
535 1355 556 1398 έν
570 1361 612 1406 τοῖς
626 1353 694 1411 λόγοις
710 1354 758 1399 ἀδό-

41 1445 100 1484 κιμον
115 1422 179 1472 οὖσαν
193 1427 283 1483 δείκνυμι
288 1445 293 1478 ;
309 1425 335 1483 μὴ
350 1424 436 1482 γένοιτο·
451 1428 480 1478 τίς
494 1425 516 1469 δέ
529 1430 566 1470 τοῦ
580 1444 603 1482 με
618 1430 680 1471 ταῦτα
695 1426 759 1484 λέγειν

41 1498 53 1556 ἡ
69 1497 180 1551 ἀπόδειξις,·
199 1498 233 1541 καὶ
251 1497 289 1554 γόιρ
309 1496 346 1552 έγού
365 1508 414 1553 φησι
430 1496 550 1554 Ἰσραηλίτης
570 1499 608 1553 είμὶ
622 1498 656 1542 καὶ
669 1497 694 1541 τά
709 1498 758 1554 ἑξῆς.

42 1568 102 1628 Εἶχεν
117 1569 153 1627 μέν
168 1571 229 1614 εἰπεῖν
243 1567 331 1620 πολλούς
346 1567 367 1612 ἐκ
380 1572 417 1613 τού
427 1567 498 1625 γένους
507 1567 663 1620 πεπιστευκότας
673 1573 759 1630 Χριστῷ,
767 1586 786 1616 νο

41 1640 92 1687 ἀλλά
106 1639 156 1700 πρός
170 1639 192 1685 τό
208 1638 257 1697 λέγω
273 1634 323 1692 ούν,
338 1642 399 1684 τοῦτο
413 1634 439 1697 ἦν
454 1637 574 1698 οἰκειότερον
588 1639 611 1684 τό
626 1640 672 1685 καθ’
688 1641 760 1686 ἑαυτόν

42 1717 113 1762 εἰπεῖν·
134 1717 176 1767 πῶς
194 1711 233 1772 γόιρ
254 1711 318 1758 οἷόντε
338 1706 363 1772 ἦν
383 1710 504 1758 ἀπώσασθαι
522 1711 558 1759 τόν
572 1711 622 1759 θεὸν
636 1711 672 1758 τόν
687 1713 717 1759 έπί
736 1719 760 1775 τῇ

42 1789 105 1833 πίστει
120 1785 280 1844 σεμνυνόμενον,
295 1787 329 1830 καί
343 1786 388 1844 περὶ
401 1784 475 1843 ταύτης
489 1785 590 1830 διδιίσκειν
599 1784 761 1844 ὑπισχνούμενον

11 1856 12 1859 “
42 1858 131 1917 έτέρους;
156 1861 228 1910 Καλῶς
243 1857 264 1901 δέ
279 1857 304 1902 ού
318 1857 354 1903 τόν
368 1856 486 1915 προπάτορα
500 1856 564 1914 μόνον
579 1856 641 1913 εἶπεν,
661 1857 762 1905 ἀλλὰκαὶ

42 1931 78 1977 τόν
93 1929 206 1989 φύλαρχον,
222 1928 271 1974 ίίστε
286 1931 347 1983 δεῖξαι
362 1928 392 1974 ότι
407 1927 431 1974 οά
446 1928 551 1974 πλάττεται
565 1929 602 1987 τὴν
617 1928 733 1988 οἰκειότητα.
768 1948 789 1977 τι

85 2003 127 2056 Xl,
142 2007 160 2046 λ.
187 2000 315 2057 Ἐπιλέλησδέ
330 2010 380 2057 φησι
394 2004 434 2044 τάν
448 1999 499 2045 κατόι
508 1999 544 2044 τὸν
557 1999 636 2054 Ἠλίαν,
652 1999 678 2053 ἀς
691 2002 763 2056 έοικεν,

43 2075 97 2127 ὅπως
117 2071 127 2120 ὁ
146 2073 183 2130 μέν
201 2071 270 2131 ᾐτιᾶτο
289 2070 324 2117 τόν
341 2070 419 2129 Ἰσραὴλ
438 2077 472 2129 τῆς
487 2072 518 2117 έπί
532 2071 554 2117 τό
569 2079 637 2131 χεῖρον
654 2074 760 2132 ἐκτροπῆς,

44 2145 109 2192 όκνάν
128 2143 286 2190 ἀποστέλλεσθαι
301 2143 328 2188 έτι
346 2142 397 2201 πρός
413 2142 462 2196 τούς
483 2143 546 2197 οὕτως
563 2143 692 2203 ἀγνώμοναςΙ
714 2143 761 2190 ἀκε-

44 2220 125 2275 κρίνατο
141 2217 162 2262 δέ
177 2215 231 2278 αάτηῖ
247 2214 257 2261 δ
273 2215 321 2269 θεός
335 2216 492 2275 ἑπτακισχιλίους
508 2216 568 2274 έχειν,
584 2216 632 2270 τούς
644 2217 672 2262 έτι
681 2220 716 2274 τῆς
725 2216 761 2262 αύ-

44 2295 81 2336 τού
95 2288 187 2348 γνώσεως
202 2288 379 2347 ἐπιμελουμένους,
394 2290 425 2334 καί
437 2288 463 2347 μη
474 2288 525 2345 πρός
534 2288 556 2334 τό
566 2296 633 2348 χεῖρον
643 2289 761 2346 νεύσαντας,
769 2311 789 2340 ,ιο

44 2362 78 2409 διά
98 2361 172 2408 τούτου
194 2361 312 2421 προτρέπειν
334 2360 396 2407 αὐτόν
418 2361 498 2419 έχεσδαι
519 2365 556 2406 τού
579 2366 613 2419 τῆς
634 2364 763 2416 διδασκαλίας

45 2436 114 2492 έργου,
137 2433 164 2487 ἀς
184 2434 210 2480 ίίν
226 2433 267 2500 ἱούκ
286 2437 313 2486 εἰς
331 2433 396 2491 μάτην
410 2437 512 2478 πονοῦντα
526 2437 562 2477 τοῦ
576 2437 658 2485 λοιποῦ,
681 2435 714 2479 καί
732 2435 763 2480 ὅτι

45 2506 93 2559 θεὸς
108 2506 176 2565 ἀρκεῖν
190 2504 286 2565 ἡγήσατο,
302 2508 319 2550 ελ
333 2504 373 2550 ἀπὸ
387 2503 462 2557 παντός
475 2507 512 2548 τοῦ
527 2503 592 2562 δήμου
606 2509 646 2549 τῶν
659 2503 764 2553 Ἰουδαίων

46 2581 188 2637 έπτακισχίλιοι
207 2582 230 2638 τῇ
250 2582 290 2624 τῶν
309 2580 418 2637 προφητῶν
437 2578 554 2637 διδασκαλίην
569 2576 600 2621 έπέ
613 2581 648 2635 της
663 2576 765 2638 εὐσεβείας

91 2759 116 2783 ιι.
129 2751 182 2793 Spic.:
194 2745 281 2784 ἒπὲιειλεν.
306 2759 331 2786 ιο,
344 2749 397 2792 Spic.:
409 2747 440 2782 τοῦ
448 2745 476 2792 μὴ.
501 2757 526 2783 τι.
539 2750 558 2782 V.
566 2744 620 2783 ἀπασ,
632 2761 648 2784 τ.
661 2751 680 2787 δ,
692 2750 723 2786 τὸν
734 2762 765 2796 ego

47 2811 109 2854 πολιοί,
121 2820 143 2844 ne
154 2818 213 2844 manca
225 2811 308 2845 sententia
321 2811 370 2846 esset.
394 2816 418 2842 τι.
431 2807 454 2849 εἰς
467 2806 523 2854 μάτην
537 2819 552 2844 v.
565 2811 634 2846 λυτέον,
647 2811 765 2857 Τιεςοδομοο,

48 2871 161 2905 νελῧμλλλ.
