1773 3073
129 67 162 105 126
347 66 458 100 Tflmoeolsl
474 66 622 102 MOPSVESTENI

127 177 197 234 Ἆδῦμ,
212 174 239 227 εἷς
254 173 275 218 δὲ
289 172 397 231 όίνθρωπος
413 176 432 218 ολ
445 172 517 225 πάντες
532 173 590 230 ἐσμέν
604 179 632 235 τηῖ
646 172 698 234 λόγῳ
708 177 743 231 της
754 172 844 231 φύσεως,

128 249 178 308 πρὸς
196 246 234 305 γαῖρ
253 244 278 303 δὴ
295 243 318 290 τδ
335 243 405 290 ιιοιυδν
422 243 504 304 εδσπερελ
519 244 592 302 μέλους
607 245 664 301 τοίξιν
678 243 689 290 ό
704 251 773 297 ποθεῖς
787 243 845 304 ἡμῶν

109 379 110 383 ¹
129 321 202 378 ἐπέχει*
219 316 271 362 οὕτω
286 315 310 375 δὴ
325 318 359 362 uei
373 317 405 362 ἐπὶ
418 321 453 375 της
468 316 578 375 μελλούσης
594 322 644 377 ζωῆς
659 316 708 376 οῖρηη
724 318 760 376 μέν
773 316 784 363 ὁ
797 322 846 374 Χρι-

129 392 184 446 στδς,
199 388 271 441 πάντες
281 389 302 434 δέ
313 392 333 433 ολ
344 394 488 441 κοινωνοῦντες
503 388 557 451 αῦτηῦ
572 395 607 448 της
621 389 748 442 ἀναστάσεως
764 391 797 434 καλ
811 394 846 447 της

113 462 175 523 εμετδι
193 461 230 520 τὴν
248 460 358 507 ῦνόιστασιν
375 460 488 514 οῖθαυασίας
503 462 568 519 ιόσπερ
584 460 611 515 εἷς
625 461 724 519 γινόμεθα
741 460 792 520 πρός
811 459 847 506 αῦ-

127 537 172 590 τδυ,
188 539 211 594 τη
227 533 327 593 ὁμοιότητι
343 539 379 579 τοῦ
393 533 511 593 πράγματος
525 535 597 592 μέλους
611 533 668 587 τόξιν
683 534 734 592 πρός
743 534 766 578 τδ
776 533 846 578 νοινδν

127 612 163 654 τοῦ
181 606 227 652 ιιαθ’
245 607 281 652 ἕνα
300 606 355 666 ἡμῶν
373 608 480 666 ἐπέχοντες.
514 607 561 651 Τότε
576 610 645 651 τοίνυν
661 607 706 651 οῦτε
722 607 782 664 ῦίρσεν
800 606 846 650 οῦτε

128 687 181 740 θηλν
196 687 309 737 θεωρεῖται,
326 679 350 724 οῦ
365 680 403 738 γοίρ
419 682 459 724 ἐστι
473 685 559 737 γαμῆσαι
575 679 588 737 ἢ
602 684 727 737 γαμηθῆναι1
744 678 846 722 οῦτεἸου-

128 758 184 805 δαῖος
199 752 245 796 οῦτε
254 752 339 810 Ἕλληνι,
361 751 408 796 οῦδέ
422 751 461 810 γδρ
476 751 571 810 περιτομὴ
587 752 608 795 ἐν
623 750 719 813 υίθαυοίτιγ
735 749 794 808 φύσει
808 749 847 808 χοί-

102 844 166 884 ιοραν
181 826 230 883 ἐχει,
249 824 298 869 όίστε
314 828 444 882 διακριθῆναι
457 824 625 883 περιτετμημένοι)
640 823 777 882 ολιιρόβυστον·
800 822 846 868 οῦτε

128 900 200 948 δοῦλος
215 895 261 941 οῦτε
281 894 396 954 ἐλεύθερος,
417 899 472 940 πῦσα
486 894 524 954 γόρ
540 894 643 952 ῦνωμαλία
657 893 780 952 πραγμάτων
797 893 845 953 cimi-

129 987 191 1028 ρηται.
218 966 297 1026 Ἐπειδὴ
317 970 386 1013 τοίνυν
404 966 455 1013 νατδι
474 965 539 1013 τόπον
558 966 591 1013 διολ
611 971 648 1012 τοῦ
668 969 803 1025 βαπτίσματος
822 969 845 1012 έν

129 1044 211 1092 ἐκείνοις
225 1040 334 1098 γινόμεθα,
350 1044 410 1084 τοῦτο
424 1040 490 1096 λέγει’·
503 1043 519 1083 εῖ
534 1040 555 1083 δὲ
569 1038 625 1096 ῦμεῖς
640 1045 738 1099 Χριστοῦ,
754 1040 794 1096 όίρα
808 1045 845 1084 τοῦ

127 1113 216 1174 Ἀβραίιμ
235 1114 312 1172 σπέρμα
332 1113 382 1167 ἐστὲ,
403 1111 444 1157 ποτ’
464 1113 581 1169 ἐπαγγελίαν
599 1112 727 1170 πληρουόμοι.
762 1116 788 1157 Ei
807 1112 846 1171 γίιρ

104 1186 186 1245 ιεόμεῖς
199 1189 236 1230 τοῦ
251 1189 340 1244 Χριστοῦ
355 1189 411 1241 σῶμα
426 1183 459 1229 διδ
473 1183 510 1242 την
526 1185 557 1228 έπλ
571 1188 607 1229 τοῦ
620 1187 754 1242 βαπτίσματος
765 1183 846 1241 όυαγίυ-

129 1270 187 1319 νησιν
206 1256 270 1303 τῦπον
291 1257 376 1316 ἐχουσαν
392 1260 428 1313 τῆς
442 1255 486 1301 τότε
500 1256 637 1315 παρεσομένης
651 1255 700 1314 όμῖυ
714 1255 765 1315 πρός
784 1255 846 1302 αῦτδν

131 1329 254 1389 ὁμοιότητος,
275 1328 285 1375 δ
303 1330 324 1374 δέ
342 1328 427 1386 Χριστός
445 1333 483 1373 τοῦ
501 1327 590 1387 Ἀβραῖιμ
607 1329 693 1388 σπέρμα,
717 1329 793 1387 ῦνοίγειη
814 1331 847 1375 παῖ

129 1402 181 1462 ῦμῖις
195 1402 217 1447 τδ
233 1402 309 1446 ἐκείνου
324 1406 390 1458 σῶμα,
405 1400 479 1445 τοῦτου
490 1399 541 1445 εῖναι
551 1400 628 1459 σπέρμα
639 1396 701 1459 οῦπερ
712 1401 735 1460 δὴ
746 1401 845 1454 πολπεῖυος·

131 1476 180 1521 ὅθεν
195 1472 274 1525 εῖηότως
287 1474 320 1517 παλ
335 1477 369 1529 τῆς
384 1474 498 1529 ἐπαγγελίας
511 1472 638 1530 κληρονόμοι.
667 1472 727 1526 Εἶδες
742 1478 783 1526 ποῦς
799 1474 846 1531 ὅπερ

105 1548 244 1605 οοέμπροσθευ
265 1546 330 1602 ἐλεγεν
350 1543 437 1598 α’πέδειξε
456 1548 495 1589 νῦν
514 1543 537 1588 τό
556 1545 600 1601 περὶ
618 1549 654 1589 τοῦ
673 1545 795 1603 σπέρματος,
817 1545 846 1591 ότι

131 1619 185 1679 αῦτηῖ
199 1619 232 1662 ααλ
246 1621 273 1678 τῷ
289 1616 385 1674 σπέρματι
399 1615 463 1660 αῦτοῦ
478 1619 499 1661 αί
513 1615 602 1672 εῦλογίαι
616 1618 653 1661 είσλ
668 1618 778 1674 δεδομέναι.

172 1692 208 1744 iv,
225 1693 289 1733 1-3.
320 1687 384 1747 Οῦσίηι
402 1686 438 1744 μέν
455 1685 541 1732 ῦπέθετο
556 1687 593 1744 την
608 1687 706 1746 οίρετὴνδ
726 1688 846 1743 ἀπόστολος,

131 1767 155 1821 τῇ
169 1762 213 1819 περὶ
227 1760 263 1805 τόν
277 1759 327 1805 θεόν
342 1757 408 1817 οίγοίπη
423 1760 455 1803 παλ
470 1763 495 1816 τῇ
509 1760 554 1814 περί
563 1759 599 1805 τόν
609 1762 693 1817 πλησίον
702 1761 846 1819 γυωριζομέυη,

132 1836 201 1893 χρῆσιν
219 1832 240 1877 δὲ
260 1830 321 1889 αῦτης
340 1829 378 1875 οῦιι
397 1832 424 1882 είς
443 1829 488 1875 δέον
505 1834 534 1891 ’τῷ
552 1829 648 1875 τοῖνιαντία
664 1831 847 1890 διαπραττομένους

107 1905 236 1963 γςοίμαυίζειν
255 1901 315 1960 αότης
332 1900 369 1959 τὴν
383 1899 499 1946 ῦπόστασιν.
529 1900 578 1946 Ὑπὸ
594 1901 712 1960 ἐπιτρόπους
726 1905 796 1948 τοίνυν
814 1905 847 1948 παὶ

133 1974 252 2031 οίυονόμονς
266 1971 386 2031 γεγόναμεν,
404 1975 437 2017 ίυα
452 1971 464 2029 ἡ
480 1972 563 2031 συνεχὴς
577 1972 654 2019 τοῦτον
669 1973 805 2032 παρατήρησις
820 1978 846 2027 είς

131 2047 245 2107 όπόμνησιν
260 2046 297 2106 λγη
312 2043 397 2091 πόντοτε
412 2043 463 2103 ἡμᾶς
477 2049 513 2091 τοῦ
524 2045 633 2099 δεδωκότος
643 2051 693 2092 θεοῦ
703 2046 751 2100 τοῦς
760 2047 845 2106 νόμους,

131 2125 163 2168 ααλ
181 2120 234 2165 οῦτω
253 2117 415 2175 σωφρονέστερον
430 2122 520 2175 βιοῦντες
534 2118 560 2176 μη
575 2117 612 2176 τὴν
627 2123 779 2177 παραδοθεῖσαν
798 2119 846 2178 ἡμῖν

131 2195 299 2252 παραφαυλζωμεν
319 2189 397 2244 οῦσίαν,
420 2189 475 2248 ῦίχρις
495 2189 520 2235 ίίυ
539 2188 552 2248 ἡ
571 2190 614 2236 τότε
635 2192 730 2237 ἐπιστᾶσα
749 2193 846 2251 τελειότης

105 2269 213 2324 ηαβεβαίαν
231 2266 264 2307 παλ
282 2261 363 2319 ὁλοτελῆ
379 2266 414 2319 τῆς
429 2261 498 2312 οῦσίας
512 2261 603 2320 παροίσηη
618 2262 655 2319 τὴν
670 2264 790 2320 ιλπόλα-υσιυ,
813 2265 846 2308 όίτε

131 2337 155 2396 δη
170 2337 203 2381 ναί
217 2333 324 2393 φυλάττειν
338 2332 381 2376 τότε
397 2331 491 2389 υλυέραιον
504 2331 541 2390 την
555 2331 651 2394 πατρηίαν
665 2335 784 2391 δυναμένοις
801 2341 847 2393 πλη-

132 2410 233 2466 ρονομίαυ.

177 2490 191 2516 τ.
205 2482 222 2515 C.
236 2481 271 2514 Gr:
288 2476 355 2522 μαθεὶς,
380 2479 458 2512 Ceterum
472 2488 488 2513 ν.
505 2479 565 2514 Winer
581 2479 686 2513 Grammatiir
703 2481 732 2514 des
748 2485 846 2516 neuiestam.

132 2543 256 2587 Spraehidioms
273 2541 299 2575 edi
317 2542 336 2574 V.
351 2551 367 2582 p.
383 2540 423 2573 288.
445 2548 472 2574 ιο.
486 2540 503 2575 C.
519 2541 556 2576 Cn:
575 2538 720 2585 τερττετμημένον.
748 2551 774 2577 τι.
787 2545 806 2578 V.
823 2553 846 2578 se·

132 2605 209 2648 quentia,
221 2613 263 2645 quae
275 2603 291 2634 in
305 2605 336 2633 cai.
349 2601 439 2634 intervallo
452 2602 528 2634 seiuncta
540 2602 627 2645 leguntur,
640 2613 677 2635 cum
689 2606 736 2636 arcte
745 2605 847 2637 cohaeream

132 2674 169 2698 eum
182 2663 283 2705 praegressis
294 2660 354 2703 procul
367 2661 417 2694 dubio
429 2661 483 2694 eidem
496 2662 575 2704 scriptori
592 2661 680 2695 imbuenda
697 2667 741 2696 sum.
764 2665 846 2698 Nimirum

132 2737 156 2759 vs.
169 2724 190 2756 λθ
202 2723 261 2755 aliatus
273 2722 370 2753 continuum
383 2721 459 2753 ordinem
471 2722 566 2763 interrupit.
590 2729 614 2753 τε.
628 2722 645 2755 C.
658 2723 685 2755 Cr.
697 2734 713 2765 p.
725 2723 751 2757 60.
764 2723 801 2766 (Θ.)
810 2718 846 2757 ’Ἅλ-

131 2789 158 2825 μσς
170 2780 220 2828 φησί·
245 2788 270 2814 εν.
283 2778 442 2822 »Παραφανίζομαι
457 2782 519 2814 misere
530 2782 601 2824 perdor,
618 2783 695 2820 aimieor,
712 2784 772 2816 Athen.
785 2786 803 2824 λ,
818 2784 845 2815 [ιλ.

131 2848 156 2880 μγ,
169 2845 189 2882 2,
202 2841 244 2885 (58.)
258 2838 294 2872 167.
306 2839 350 2870 Reii.
363 2838 411 2870 iisse(
432 2840 510 2881 Stephani
524 2842 574 2874 Thes.
587 2842 597 2875 1.
610 2851 634 2883 gr.
646 2843 671 2877 ed.
683 2844 735 2876 λοοιλ.
