1723 3073
223 133 245 163 ΙΝ
258 132 379 166 EPISTOLAM
392 133 421 165 ΑΙ)
432 132 541 166 ROMANOS.
717 126 736 160 81

22 239 74 295 θεῇς
89 239 159 293 σαφῶς
173 236 263 280 ἐναντίον
278 235 302 282 ἰν
316 240 345 298 τῇ
359 236 465 298 εἰρημένῳ·
482 240 498 283 εἰ
511 236 550 296 ηάρ
565 235 738 292 άνιαποκρίνεται,

22 310 84 364 ύῇλον
99 306 128 351 ὅτι
144 305 276 364 ἀνθέστηκεν,
296 307 345 354 ῶστε
359 307 382 353 τὸ
396 307 422 366 μῇ
438 308 559 354 άνθεστάναι
574 310 656 362 φεῶδος.
683 304 739 349 Ἔστι

22 379 91 423 τοίνυν
111 375 266 435 τοιουτότροκίς
285 396 314 431 τις
332 378 359 432 ῶς
378 379 400 425 έν
420 378 512 442 συντόμῳ
530 384 566 426 τοῶ
585 378 708 438 ζητουμένου
726 373 738 433 ἡ

23 453 88 503 λύσις·
111 450 170 495 οὐδέν
190 449 282 509 πράττεις
302 454 364 512 οίκείηι
377 457 401 511 τῇ
415 452 496 512 ηνῶμη,
518 453 596 498 άπαντα
611 452 633 497 δὲ
651 450 702 497 κατά
716 448 739 494 τὸ

23 525 99 568 δοκοῦν
108 526 135 583 τῷ
152 526 204 583 θεῷ,
220 522 287 581 ἐπειδὴ
302 521 424 568 οἰνθεστάναι
438 529 479 575 τοῖς
494 522 548 584 αὐτῇ
562 526 657 569 δοκοῦσιν
673 522 739 568 ούίενί
759 542 766 567 ε

24 593 63 651 φὴς
78 591 130 638 εἶναι
146 592 242 638 δυνατῶν·
257 598 298 645 πῶς
309 589 346 638 ούν
362 594 506 652 άντακοκρίνη,Ι
522 597 582 650 δῆλον
597 595 627 639 ὅτι
641 596 673 639 καί
688 593 738 638 άνθ-

26 665 118 721 έστηκας·
135 663 172 709 οὐκ
187 664 227 721 άρα
240 670 283 717 τοῖς
297 663 351 726 αὐτῇ
369 667 465 709 δοκοῦσιν
478 663 575 721 ἐπιμένων
587 664 666 710 άπαντα
678 663 739 723 πράτ-

25 753 74 789 τεις,
97 734 137 781 άλλ’
154 737 216 796 οἰκείη
230 740 254 796 τῇ
268 735 347 795 ηνῶμη,
370 733 397 788 ῶς
412 734 437 780 άν
452 733 507 796 αύτῷ
522 747 554 781 σοι
568 739 662 795 φαίνηται
676 739 741 787 καλῶς

27 808 78 869 έχειν
97 807 222 866 αἱρούμενος.
251 807 303 853 Εἶτα
324 809 359 853 καί
378 806 418 853 άπὸ
436 812 473 852 τοῶ
492 808 592 853 καθόλου·
614 808 640 867 μὴ
660 809 700 867 ἐρεῖ
717 807 741 852 τὸ

27 879 107 937 πλάσμα
121 884 149 942 τῷ
163 878 270 932 πλάσαντι,
285 882 304 923 τί
318 898 342 937 με
357 880 451 937 ἐποίησας
465 880 538 933 ούτῶςς
554 880 601 926 οὐδὲ
614 880 653 940 γάρ
668 879 711 926 οίύν
721 898 768 930 τειο

27 952 50 997 τό
64 952 147 1009 ηενουὸς
160 950 201 1009 ύπό
215 969 252 996 του
266 952 302 997 τὸν
317 951 441 1010 δημιουργὸν
456 951 585 997 αἰτιάσασθαι
600 953 631 997 ἐπὶ
644 957 668 1012 τῇ
682 969 742 997 κατα-

27 1028 88 1083 σκευῇ
102 1029 137 1082 τῇς
152 1026 226 1076 οἰκείας
241 1022 330 1082 φύσεως·
345 1025 409 1082 ηαίρει
422 1022 461 1081 ηάρ
475 1027 503 1084 τῷ
517 1023 567 1068 κατά
582 1023 645 1081 φύσιν
659 1023 742 1069 ἕκαστον

26 1096 80 1148 ὅπως
101 1095 126 1142 άν
147 1096 193 1154 έηη·
213 1100 255 1148 πῶς
276 1091 313 1140 ούν
333 1094 441 1139 αἰτιάσεται
460 1095 491 1140 ἐπὶ
509 1093 573 1156 τούτῳ
592 1094 642 1153 ὂύῇ
657 1094 742 1151 μάλιστα

26 1169 107 1213 καέντων
122 1166 177 1230 αύτῷ
187 1166 233 1212 καθ’
248 1166 324 1226 ἡδονὴν
338 1166 388 1212 εἰναι
402 1167 534 1226 συμβέβηκεν;
550 1167 590 1212 Καὶ
599 1168 743 1225 παραδείγματι

26 1240 48 1286 τά
60 1240 165 1299 εἰρημένον
174 1239 315 1298 πιστούμενος·
329 1239 344 1298 ῇ
359 1238 396 1285 ούκ
411 1239 449 1297 έηει
463 1239 555 1294 ἐξουσίαν
570 1237 581 1284 ὁ
595 1237 693 1298 κεραμεύς
707 1241 770 1284 τοῶιε

27 1316 102 1369 πηλοῦ,
119 1312 140 1355 έκ
149 1316 186 1355 τού
197 1310 261 1354 αύτού
271 1310 389 1369 φυράματος
399 1315 480 1368 ποιησαι
490 1310 502 1354 ὃ
511 1310 547 1368 μέν
557 1313 585 1362 εἰς
593 1310 654 1367 τιμὴν
664 1313 743 1363 σκεῦος,
785 1317 787 1320 “

28 1383 40 1427 ὃ
55 1383 76 1428 δέ
90 1386 118 1435 εἰς
132 1381 223 1441 άτιμίαν;
245 1382 346 1441 άπίὸυμεν
360 1381 399 1441 γάρ
414 1384 431 1426 εἰ
445 1384 501 1427 δοκεῖ
513 1381 563 1440 πρὸς
577 1380 614 1439 τὴν
628 1386 668 1427 τῶν
688 1399 744 1439 κερα-

28 1455 81 1511 μέων
96 1455 199 1513 ε’ρηασίαν,
225 1454 279 1506 ὅπως
298 1455 320 1499 ἐκ
338 1458 375 1498 τοῦ
392 1452 456 1498 αύτού
474 1457 539 1511 πηλού
558 1452 606 1510 μετά
620 1457 694 1511 πολλῇς
711 1457 747 1510 τῇς

29 1527 120 1581 ἐξουσίας
135 1525 218 1571 ἕκαστον
236 1529 276 1571 τῶν
292 1529 368 1571 σκευῶν
382 1524 433 1585 πρὸς
448 1524 459 1570 ίί
473 1543 493 1570 τι
507 1524 532 1571 άν
548 1524 661 1584 βούλωνται
677 1530 748 1571 ποιοῦ-

31 1609 72 1650 σιν,
87 1599 121 1642 καί
131 1596 192 1642 οὐδὲν
204 1597 272 1649 αύτοίς
282 1600 360 1642 ίσταται
370 1596 471 1654 ἐμποδῶν,
486 1596 511 1642 τά
524 1594 561 1654 μέν
576 1597 608 1641 ἐπί
620 1615 639 1641 τι
650 1595 774 1655 χρῇσιμοναα

31 1668 162 1726 βουλομένοις
180 1675 256 1724 ποιεῖν,
278 1668 303 1713 τά
322 1670 344 1713 δέ
364 1670 395 1714 ἐπὶ
414 1669 451 1727 τὴν
470 1673 510 1713 τῶν
527 1668 603 1726 άτίμαν
616 1673 697 1726 χρῆσιν·
719 1672 748 1721 τίς

31 1739 116 1799 άκῇκοέν
136 1757 183 1786 ποτε
201 1745 240 1785 τῶν
259 1741 291 1786 έπί
308 1740 333 1786 τά
347 1739 454 1799 άτιμύτερα
467 1739 580 1798 ηεηονύτυν
595 1744 672 1785 σκευῶν
687 1743 749 1786 αίτια-

32 1813 123 1870 σαμέναν
137 1816 172 1869 τῇς
187 1812 280 1870 έρηασίας
293 1811 329 1857 τὸν
344 1812 440 1872 κεραμέα,
455 1814 489 1858 καί
503 1812 534 1857 ὅτι
548 1811 575 1870 μῇ
590 1816 666 1870 μάλλον
681 1813 713 1858 έπί
726 1812 749 1858 τὸ

32 1891 121 1943 κρεῖττον
135 1883 187 1929 αύτά
201 1883 355 1936 κατεσκεύασεν,·
378 1884 403 1929 ού
420 1884 459 1943 ηάρ
478 1885 516 1942 έηει
536 1884 598 1943 φύσιν
618 1884 642 1930 τύ
661 1890 749 1943 πράημα.

33 1959 59 2001 Εἰ
73 1955 97 2015 δῇ
112 1955 162 2008 κατά
177 1955 213 2001 τὸν
227 1954 291 2001 αύτὸν
305 1951 360 2015 ῇσθα
374 1954 459 2013 τρόπον,
474 1958 508 2002 καί
521 1956 582 2010 αὐτὸς
596 1955 637 2002 άπὸ
649 1961 686 2002 τού
699 1961 776 2008 θεοῦνε

33 2028 130 2086 ηεηονῶς,
145 2028 195 2073 ύίστε
205 2027 276 2089 άλυηίη
285 2045 306 2073 τε
320 2029 352 2073 καί
368 2027 456 2089 άηνῶσίηι
470 2033 507 2074 τού
521 2029 659 2088 προσήκοντος
674 2033 750 2087 φυσικῇ

33 2102 70 2144 τινί
85 2104 110 2159 τῇ
124 2102 236 2159 κατασκευῇ
250 2099 301 2156 πρὸς
315 2099 338 2144 τὸ
352 2105 419 2160 χεῖρον
434 2100 553 2147 ἐκδεδύσθαι
563 2101 614 2147 κατά
624 2104 664 2147 τῶν
674 2105 750 2147 σκευῶν

33 2174 66 2218 καί
84 2175 121 2217 τού
139 2171 240 2231 κεραμέως
259 2170 379 2231 ὁμοιότητα,
400 2171 442 2219 οὔτ’
461 2172 487 2219 ύίν
507 2174 605 2233 διάκρισις
629 2173 702 2220 ένοῶσά
720 2191 750 2226 τις

34 2243 91 2302 ὀφθῇ
107 2254 138 2288 σοι
152 2247 189 2287 τοῦ
203 2261 224 2288 τε
238 2248 302 2289 καλου
316 2246 350 2289 καί
363 2249 400 2289 τοῦ
414 2247 513 2303 χείρονος,
530 2245 571 2291 οὔτ’
584 2246 611 2291 ῶν
625 2245 750 2296 έσπούίασας

35 2315 120 2374 ένεηκείν
135 2314 166 2359 έκί
180 2313 217 2358 τὸν
231 2313 282 2361 θεὸν
296 2319 333 2360 τού
347 2316 468 2375 ηιηνομένου
477 2315 515 2375 τῇν
525 2319 599 2373 αἰτίαν,
615 2316 689 2364 σαυτὸν
701 2315 777 2365 άπο-εο

35 2386 91 2433 λύκον
105 2391 140 2445 τῇς
154 2386 254 2444 μέμψεως,
276 2390 352 2446 χαίρων
371 2388 392 2434 δέ
411 2388 502 2440 διετέλεις
518 2393 547 2450 τῇ
561 2388 611 2435 κατά
626 2388 688 2447 φύσιν
701 2390 751 2435 πάν-

34 2477 78 2512 τας.
107 2461 161 2505 Νυνί
180 2459 202 2504 δὲ
222 2461 255 2505 καί
276 2459 332 2513 οἰίας
352 2459 439 2520 οἰκριβῶς
457 2459 479 2506 τὸ
497 2460 553 2514 δέον,
572 2463 605 2506 καί
620 2462 693 2519 λόηους
707 2467 752 2523 περί

35 2531 108 2577 τούτου
118 2536 175 2591 ποιῇ,
190 2533 223 2578 καί
238 2532 268 2578 ὅτι
283 2533 374 2591 μέμψεως
388 2534 445 2588 άξιον
459 2532 481 2577 τὸ
495 2533 624 2590 ηιηνύμενου,
639 2533 678 2581 κάν
688 2534 751 2596 άμαρ-

35 2603 106 2664 τάνης,
122 2602 186 2656 οίίτῶς
201 2603 314 2662 ἐπίστασαι,
329 2605 378 2651 ὥστε
392 2607 425 2651 καί
440 2604 535 2658 άπολύεις
550 2605 625 2652 σαυτὸν
634 2610 674 2653 τῶν
684 2608 754 2668 έηκληπ

36 2676 104 2733 μάτων
123 2678 156 2723 καί
174 2678 290 2736 μεταφέρεις
309 2678 338 2737 ἐφ’
355 2679 422 2737 ἕτερον
436 2678 473 2736 τῇν
487 2680 553 2724 αἰτίαν
567 2683 604 2723 τοῦ
620 2683 751 2739 πταίσματος,
761 2703 779 2730 αι

37 2750 70 2796 ἰιά
84 2749 166 2797 πάντῶν
180 2749 305 2808 σαφέστατον
319 2750 422 2811 ηνείρισμα
436 2755 471 2808 τῇς
486 2750 570 2810 ἐνούσης
583 2763 615 2797 σοι
624 2758 661 2799 κοῶ
671 2760 754 2813 λοηικού

82 2905 107 2934 ιι,
119 2898 172 2940 Sum:
184 2892 219 2931 ύπὸ
231 2898 267 2932 τοῦ,
292 2907 317 2934 οι,
331 2900 384 2944 θρίου.
397 2895 490 2940 άπολύοεις.
