<?xml version="1.0" encoding="UTF-8"?>
<!DOCTYPE html PUBLIC "-//W3C//DTD XHTML 1.0 Transitional//EN"
    "http://www.w3.org/TR/xhtml1/DTD/xhtml1-transitional.dtd">
<html xmlns="http://www.w3.org/1999/xhtml" xml:lang="en" lang="en">
 <head>
  <title>
</title>
<meta http-equiv="Content-Type" content="text/html;charset=utf-8" />
  <meta name='ocr-system' content='tesseract 3.04.00' />
  <meta name='ocr-capabilities' content='ocr_page ocr_carea ocr_par ocr_line ocrx_word'/>
</head>
<body>
  <div class='ocr_page' id='page_1' title='image "MN40295ucmf_0_0146.png"; bbox 0 0 1773 3073; ppageno 0'>
   <div class='ocr_carea' id='block_1_1' title="bbox 131 58 626 96">
    <p class='ocr_par' dir='ltr' id='par_1_1' title="bbox 131 58 626 96">
     <span class='ocr_line' id='line_1_1' title="bbox 131 58 626 96; baseline -0.006 -2"><span class='ocrx_word' id='word_1_1' title='bbox 131 59 164 96; x_wconf 74' lang='lat'><em>102</em></span> <span class='ocrx_word' id='word_1_2' title='bbox 350 58 465 93; x_wconf 82' lang='lat' dir='ltr'>THEODORI</span> <span class='ocrx_word' id='word_1_3' title='bbox 476 59 626 93; x_wconf 79' lang='lat' dir='ltr'>MOPSVESTENI</span> 
     </span>
    </p>
   </div>
   <div class='ocr_carea' id='block_1_2' title="bbox 108 153 865 2883">
    <p class='ocr_par' dir='ltr' id='par_1_2' title="bbox 108 153 865 2883">
     <span class='ocr_line' id='line_1_2' title="bbox 131 153 848 223; baseline -0.007 -12"><span class='ocrx_word' id='word_1_4' title='bbox 131 165 230 223; x_wconf 76' lang='grc' dir='ltr'><em>εὐσεβείας</em></span> <span class='ocrx_word' id='word_1_5' title='bbox 248 161 371 217; x_wconf 79' lang='grc' dir='ltr'><em>άφίστασδαι</em></span> <span class='ocrx_word' id='word_1_6' title='bbox 388 162 493 216; x_wconf 71' lang='grc' dir='ltr'><em>πολλάκις,</em></span> <span class='ocrx_word' id='word_1_7' title='bbox 515 162 603 219; x_wconf 80' lang='grc' dir='ltr'><em>καὶμὴν</em></span> <span class='ocrx_word' id='word_1_8' title='bbox 617 153 650 207; x_wconf 81' lang='grc' dir='ltr'><em>καί</em></span> <span class='ocrx_word' id='word_1_9' title='bbox 664 166 701 206; x_wconf 74' lang='grc' dir='ltr'><em>τοι]</em></span> <span class='ocrx_word' id='word_1_10' title='bbox 715 166 786 205; x_wconf 75' lang='grc' dir='ltr'><em>κοινοῦ</em></span> <span class='ocrx_word' id='word_1_11' title='bbox 801 166 848 206; x_wconf 81' lang='grc' dir='ltr'><em>συλ-</em></span> 
     </span>
     <span class='ocr_line' id='line_1_3' title="bbox 131 231 650 293; baseline -0.006 -12"><span class='ocrx_word' id='word_1_12' title='bbox 131 235 193 293; x_wconf 81' lang='grc' dir='ltr'><em>λόγου</em></span> <span class='ocrx_word' id='word_1_13' title='bbox 206 234 400 292; x_wconf 79' lang='grc' dir='ltr'><em>καταργδνμούντας</em></span> <span class='ocrx_word' id='word_1_14' title='bbox 415 231 445 290; x_wconf 81' lang='grc' dir='ltr'><em>ἐφ’</em></span> <span class='ocrx_word' id='word_1_15' title='bbox 461 232 538 277; x_wconf 76' lang='grc' dir='ltr'><em>ἑαντοδν</em></span> <span class='ocrx_word' id='word_1_16' title='bbox 551 235 650 289; x_wconf 71' lang='grc' dir='ltr'><em>γίνεσθαι.</em></span> 
     </span>
     <span class='ocr_line' id='line_1_4' title="bbox 173 301 850 363; baseline -0.004 -13"><span class='ocrx_word' id='word_1_17' title='bbox 173 304 232 356; x_wconf 82' lang='lat' dir='ltr'>XIV,</span> <span class='ocrx_word' id='word_1_18' title='bbox 250 307 281 347; x_wconf 61' lang='lat'><em>14.</em></span> <span class='ocrx_word' id='word_1_19' title='bbox 299 307 329 347; x_wconf 85' lang='lat'><em>15.</em></span> <span class='ocrx_word' id='word_1_20' title='bbox 359 303 429 348; x_wconf 77' lang='grc' dir='ltr'><em>Είποίν</em></span> <span class='ocrx_word' id='word_1_21' title='bbox 444 303 475 347; x_wconf 85' lang='grc' dir='ltr'><em>δ’τι</em></span> <span class='ocrx_word' id='word_1_22' title='bbox 489 303 552 348; x_wconf 79' lang='grc' dir='ltr'><em>καλόν</em></span> <span class='ocrx_word' id='word_1_23' title='bbox 566 309 627 349; x_wconf 87' lang='grc' dir='ltr'><em>τούτο</em></span> <span class='ocrx_word' id='word_1_24' title='bbox 642 308 718 363; x_wconf 80' lang='grc' dir='ltr'><em>μάλλον</em></span> <span class='ocrx_word' id='word_1_25' title='bbox 732 301 786 361; x_wconf 84' lang='grc' dir='ltr'><em>ὐμάς</em></span> <span class='ocrx_word' id='word_1_26' title='bbox 796 306 850 348; x_wconf 93' lang='grc' dir='ltr'><em>δοκι-</em></span> 
     </span>
     <span class='ocr_line' id='line_1_5' title="bbox 132 373 850 434; baseline -0.001 -13"><span class='ocrx_word' id='word_1_27' title='bbox 132 376 193 434; x_wconf 89' lang='grc' dir='ltr'><em>μάσαι</em></span> <span class='ocrx_word' id='word_1_28' title='bbox 206 373 229 418; x_wconf 89' lang='grc' dir='ltr'><em>τό</em></span> <span class='ocrx_word' id='word_1_29' title='bbox 244 374 306 432; x_wconf 75' lang='grc' dir='ltr'><em>μηδὲν</em></span> <span class='ocrx_word' id='word_1_30' title='bbox 321 382 386 421; x_wconf 80' lang='grc' dir='ltr'><em>ποιεῖν</em></span> <span class='ocrx_word' id='word_1_31' title='bbox 401 378 428 429; x_wconf 89' lang='grc' dir='ltr'><em>είς</em></span> <span class='ocrx_word' id='word_1_32' title='bbox 442 374 519 433; x_wconf 76' lang='grc' dir='ltr'><em>βλάβην</em></span> <span class='ocrx_word' id='word_1_33' title='bbox 533 380 570 421; x_wconf 82' lang='grc' dir='ltr'><em>τοῦ</em></span> <span class='ocrx_word' id='word_1_34' title='bbox 586 375 685 434; x_wconf 80' lang='grc' dir='ltr'><em>άδελφού,</em></span> <span class='ocrx_word' id='word_1_35' title='bbox 703 375 752 433; x_wconf 73' lang='grc' dir='ltr'><em>μηδὲ</em></span> <span class='ocrx_word' id='word_1_36' title='bbox 766 379 850 421; x_wconf 87' lang='grc' dir='ltr'><em>τοιαύτα</em></span> 
     </span>
     <span class='ocr_line' id='line_1_6' title="bbox 117 445 851 508; baseline 0.003 -18"><span class='ocrx_word' id='word_1_37' title='bbox 117 446 223 508; x_wconf 82' lang='grc' dir='ltr'><em>ταράττειν</em></span> <span class='ocrx_word' id='word_1_38' title='bbox 242 445 255 492; x_wconf 81' lang='grc' dir='ltr'><em>ά</em></span> <span class='ocrx_word' id='word_1_39' title='bbox 274 451 308 506; x_wconf 85' lang='grc' dir='ltr'><em>τής</em></span> <span class='ocrx_word' id='word_1_40' title='bbox 327 446 426 508; x_wconf 75' lang='grc' dir='ltr'><em>εὐσεβείας</em></span> <span class='ocrx_word' id='word_1_41' title='bbox 444 448 521 494; x_wconf 77' lang='grc' dir='ltr'><em>ἐκεῖνον</em></span> <span class='ocrx_word' id='word_1_42' title='bbox 539 449 635 507; x_wconf 78' lang='grc' dir='ltr'><em>ἐκτρέπει,</em></span> <span class='ocrx_word' id='word_1_43' title='bbox 658 452 692 494; x_wconf 84' lang='grc' dir='ltr'><em>ίνα</em></span> <span class='ocrx_word' id='word_1_44' title='bbox 709 447 736 506; x_wconf 86' lang='grc' dir='ltr'><em>μή</em></span> <span class='ocrx_word' id='word_1_45' title='bbox 751 446 799 507; x_wconf 75' lang='grc' dir='ltr'><em>δόξῃ</em></span> <span class='ocrx_word' id='word_1_46' title='bbox 813 447 851 506; x_wconf 88' lang='grc' dir='ltr'><em>τήν</em></span> 
     </span>
     <span class='ocr_line' id='line_1_7' title="bbox 132 517 850 579; baseline -0.001 -14"><span class='ocrx_word' id='word_1_47' title='bbox 132 524 171 566; x_wconf 79' lang='grc' dir='ltr'><em>τῶν</em></span> <span class='ocrx_word' id='word_1_48' title='bbox 186 517 297 578; x_wconf 73' lang='grc' dir='ltr'><strong><em>βρωμάτων</em></strong></span> <span class='ocrx_word' id='word_1_49' title='bbox 311 521 449 579; x_wconf 68' lang='grc' dir='ltr'><em>παρατήρησιν</em></span> <span class='ocrx_word' id='word_1_50' title='bbox 463 522 496 566; x_wconf 86' lang='grc' dir='ltr'><em>καί</em></span> <span class='ocrx_word' id='word_1_51' title='bbox 511 520 573 574; x_wconf 87' lang='grc' dir='ltr'><em>αὐτός</em></span> <span class='ocrx_word' id='word_1_52' title='bbox 587 520 697 578; x_wconf 89' lang='grc' dir='ltr'><em>ἐπεισάγων</em></span> <span class='ocrx_word' id='word_1_53' title='bbox 707 524 770 565; x_wconf 88' lang='grc' dir='ltr'><em>ταύτκ</em></span> <span class='ocrx_word' id='word_1_54' title='bbox 780 521 850 577; x_wconf 78' lang='grc' dir='ltr'><em>λέγειν,</em></span> 
     </span>
     <span class='ocr_line' id='line_1_8' title="bbox 132 590 851 650; baseline -0.001 -13"><span class='ocrx_word' id='word_1_55' title='bbox 132 590 211 643; x_wconf 80' lang='grc' dir='ltr'><em>εἰκότως</em></span> <span class='ocrx_word' id='word_1_56' title='bbox 231 590 338 649; x_wconf 90' lang='grc' dir='ltr'><em>ἐπήγαγεν·</em></span> <span class='ocrx_word' id='word_1_57' title='bbox 362 592 408 638; x_wconf 82' lang='grc' dir='ltr'><em>οίδα</em></span> <span class='ocrx_word' id='word_1_58' title='bbox 428 594 462 638; x_wconf 85' lang='grc' dir='ltr'><em>καί</em></span> <span class='ocrx_word' id='word_1_59' title='bbox 480 593 594 650; x_wconf 76' lang='grc' dir='ltr'><em>πέπεισμαι,</em></span> <span class='ocrx_word' id='word_1_60' title='bbox 616 592 647 638; x_wconf 85' lang='grc' dir='ltr'><em>ότι</em></span> <span class='ocrx_word' id='word_1_61' title='bbox 664 591 725 637; x_wconf 84' lang='grc' dir='ltr'><em>οὐδὲν</em></span> <span class='ocrx_word' id='word_1_62' title='bbox 742 591 812 637; x_wconf 87' lang='grc' dir='ltr'><em>κοινόν</em></span> <span class='ocrx_word' id='word_1_63' title='bbox 827 590 851 636; x_wconf 84' lang='grc' dir='ltr'><em>δι’</em></span> 
     </span>
     <span class='ocr_line' id='line_1_9' title="bbox 133 662 850 726; baseline 0 -18"><span class='ocrx_word' id='word_1_64' title='bbox 133 662 197 708; x_wconf 76' lang='grc' dir='ltr'><em>αὐτοῦ</em></span> <span class='ocrx_word' id='word_1_65' title='bbox 211 665 244 706; x_wconf 86' lang='grc' dir='ltr'><em>καί</em></span> <span class='ocrx_word' id='word_1_66' title='bbox 258 663 283 708; x_wconf 85' lang='grc' dir='ltr'><em>τά</em></span> <span class='ocrx_word' id='word_1_67' title='bbox 298 664 354 722; x_wconf 80' lang='grc' dir='ltr'><em>ἐξής,</em></span> <span class='ocrx_word' id='word_1_68' title='bbox 366 665 483 725; x_wconf 86' lang='grc' dir='ltr'><em>άναγκαίως</em></span> <span class='ocrx_word' id='word_1_69' title='bbox 497 667 529 709; x_wconf 83' lang='grc' dir='ltr'><em>καὶ</em></span> <span class='ocrx_word' id='word_1_70' title='bbox 543 669 568 723; x_wconf 75' lang='grc' dir='ltr'><em>τῇ</em></span> <span class='ocrx_word' id='word_1_71' title='bbox 583 663 670 717; x_wconf 82' lang='grc' dir='ltr'><em>διατάξει</em></span> <span class='ocrx_word' id='word_1_72' title='bbox 684 662 809 726; x_wconf 72' lang='grc' dir='ltr'><em>χρησάμενος</em></span> <span class='ocrx_word' id='word_1_73' title='bbox 823 666 850 715; x_wconf 86' lang='grc' dir='ltr'><em>είς</em></span> 
     </span>
     <span class='ocr_line' id='line_1_10' title="bbox 133 733 853 796; baseline 0 -17"><span class='ocrx_word' id='word_1_74' title='bbox 133 735 170 794; x_wconf 84' lang='grc' dir='ltr'><em>τήν</em></span> <span class='ocrx_word' id='word_1_75' title='bbox 184 738 221 780; x_wconf 90' lang='grc' dir='ltr'><em>τού</em></span> <span class='ocrx_word' id='word_1_76' title='bbox 235 735 344 792; x_wconf 78' lang='grc' dir='ltr'><em>λεγομένου</em></span> <span class='ocrx_word' id='word_1_77' title='bbox 359 738 464 791; x_wconf 87' lang='grc' dir='ltr'><em>πίστωσιν,</em></span> <span class='ocrx_word' id='word_1_78' title='bbox 479 738 512 780; x_wconf 85' lang='grc' dir='ltr'><em>καί</em></span> <span class='ocrx_word' id='word_1_79' title='bbox 527 740 550 796; x_wconf 81' lang='grc' dir='ltr'><em>τή</em></span> <span class='ocrx_word' id='word_1_80' title='bbox 566 734 588 782; x_wconf 75' lang='grc' dir='ltr'><em>δι’</em></span> <span class='ocrx_word' id='word_1_81' title='bbox 605 734 669 781; x_wconf 78' lang='grc' dir='ltr'><em>αὐτοῦ</em></span> <span class='ocrx_word' id='word_1_82' title='bbox 683 734 789 795; x_wconf 80' lang='grc' dir='ltr'><em>προσδήκή</em></span> <span class='ocrx_word' id='word_1_83' title='bbox 801 733 853 789; x_wconf 79' lang='grc' dir='ltr'><em>άξιο-</em></span> 
     </span>
     <span class='ocr_line' id='line_1_11' title="bbox 108 807 853 868; baseline -0.001 -16"><span class='ocrx_word' id='word_1_84' title='bbox 108 807 252 866; x_wconf 83' lang='grc' dir='ltr'><em>ιοπιστοτέραν</em></span> <span class='ocrx_word' id='word_1_85' title='bbox 266 808 303 867; x_wconf 83' lang='grc' dir='ltr'><em>τήν</em></span> <span class='ocrx_word' id='word_1_86' title='bbox 318 807 421 868; x_wconf 83' lang='grc' dir='ltr'><em>άπόφασιν</em></span> <span class='ocrx_word' id='word_1_87' title='bbox 437 809 582 868; x_wconf 84' lang='grc' dir='ltr'><em>ἐργασάμενος,</em></span> <span class='ocrx_word' id='word_1_88' title='bbox 592 841 593 844; x_wconf 26' lang='lat'>¹</span> <span class='ocrx_word' id='word_1_89' title='bbox 605 807 632 861; x_wconf 74' lang='grc' dir='ltr'><em>τίς</em></span> <span class='ocrx_word' id='word_1_90' title='bbox 647 808 673 854; x_wconf 86' lang='grc' dir='ltr'><em>άν</em></span> <span class='ocrx_word' id='word_1_91' title='bbox 687 807 798 865; x_wconf 82' lang='grc' dir='ltr'><em>άρκούντος</em></span> <span class='ocrx_word' id='word_1_92' title='bbox 815 811 853 851; x_wconf 83' lang='grc' dir='ltr'><em>κού</em></span> 
     </span>
     <span class='ocr_line' id='line_1_12' title="bbox 134 876 853 939; baseline -0.001 -14"><span class='ocrx_word' id='word_1_93' title='bbox 134 884 223 939; x_wconf 82' lang='grc' dir='ltr'><em>Χριστοῦ</em></span> <span class='ocrx_word' id='word_1_94' title='bbox 238 879 304 926; x_wconf 91' lang='grc' dir='ltr'><em>πάντα</em></span> <span class='ocrx_word' id='word_1_95' title='bbox 318 880 401 939; x_wconf 72' lang='grc' dir='ltr'><em>καθαρά</em></span> <span class='ocrx_word' id='word_1_96' title='bbox 412 880 519 926; x_wconf 82' lang='grc' dir='ltr'><em>δεικνύναι.</em></span> <span class='ocrx_word' id='word_1_97' title='bbox 548 880 674 938; x_wconf 76' lang='grc' dir='ltr'><em>Ἀκάδαρτον</em></span> <span class='ocrx_word' id='word_1_98' title='bbox 689 876 726 926; x_wconf 90' lang='grc' dir='ltr'><em>οὐν</em></span> <span class='ocrx_word' id='word_1_99' title='bbox 741 881 802 939; x_wconf 80' lang='grc' dir='ltr'><em>φησιν</em></span> <span class='ocrx_word' id='word_1_100' title='bbox 818 879 853 924; x_wconf 90' lang='grc' dir='ltr'><em>οὐ-</em></span> 
     </span>
     <span class='ocr_line' id='line_1_13' title="bbox 135 949 853 1012; baseline -0.006 -13"><span class='ocrx_word' id='word_1_101' title='bbox 135 954 169 999; x_wconf 74' lang='grc' dir='ltr'><em>δὲν</em></span> <span class='ocrx_word' id='word_1_102' title='bbox 188 951 239 999; x_wconf 78' lang='grc' dir='ltr'><em>εἷναί</em></span> <span class='ocrx_word' id='word_1_103' title='bbox 257 970 307 1011; x_wconf 78' lang='grc' dir='ltr'><em>φημι</em></span> <span class='ocrx_word' id='word_1_104' title='bbox 326 956 366 998; x_wconf 80' lang='grc' dir='ltr'><em>τῶν</em></span> <span class='ocrx_word' id='word_1_105' title='bbox 381 955 408 1005; x_wconf 87' lang='grc' dir='ltr'><em>είς</em></span> <span class='ocrx_word' id='word_1_106' title='bbox 427 956 501 1012; x_wconf 80' lang='grc' dir='ltr'><em>βρτόσιν</em></span> <span class='ocrx_word' id='word_1_107' title='bbox 514 952 619 1010; x_wconf 77' lang='grc' dir='ltr'><em>κειμένων,</em></span> <span class='ocrx_word' id='word_1_108' title='bbox 640 955 656 998; x_wconf 91' lang='grc' dir='ltr'><em>εί</em></span> <span class='ocrx_word' id='word_1_109' title='bbox 671 952 698 1011; x_wconf 88' lang='grc' dir='ltr'><em>μή</em></span> <span class='ocrx_word' id='word_1_110' title='bbox 712 969 742 1004; x_wconf 87' lang='grc' dir='ltr'><em>τις</em></span> <span class='ocrx_word' id='word_1_111' title='bbox 757 949 853 997; x_wconf 76' lang='grc' dir='ltr'><em>άσδένεια</em></span> 
     </span>
     <span class='ocr_line' id='line_1_14' title="bbox 135 1022 851 1081; baseline -0.004 -12"><span class='ocrx_word' id='word_1_112' title='bbox 135 1028 235 1081; x_wconf 72' lang='grc' dir='ltr'><em>λογισμῶν</em></span> <span class='ocrx_word' id='word_1_113' title='bbox 249 1022 345 1080; x_wconf 82' lang='grc' dir='ltr'><em>τοιαύτιγν</em></span> <span class='ocrx_word' id='word_1_114' title='bbox 360 1026 404 1080; x_wconf 86' lang='grc' dir='ltr'><em>περί</em></span> <span class='ocrx_word' id='word_1_115' title='bbox 418 1028 459 1068; x_wconf 79' lang='grc' dir='ltr'><em>τούν</em></span> <span class='ocrx_word' id='word_1_116' title='bbox 474 1023 587 1080; x_wconf 72' lang='grc' dir='ltr'><em>ἐδεσμάτων</em></span> <span class='ocrx_word' id='word_1_117' title='bbox 601 1023 698 1081; x_wconf 80' lang='grc' dir='ltr'><em>λαμβάνει</em></span> <span class='ocrx_word' id='word_1_118' title='bbox 711 1022 748 1080; x_wconf 86' lang='grc' dir='ltr'><em>τήν</em></span> <span class='ocrx_word' id='word_1_119' title='bbox 761 1022 851 1080; x_wconf 77' lang='grc' dir='ltr'><em>γνώμην.</em></span> 
     </span>
     <span class='ocr_line' id='line_1_15' title="bbox 135 1092 856 1153; baseline -0.006 -12"><span class='ocrx_word' id='word_1_120' title='bbox 135 1095 199 1148; x_wconf 78' lang='grc' dir='ltr'><em>οὕτως</em></span> <span class='ocrx_word' id='word_1_121' title='bbox 222 1094 246 1140; x_wconf 90' lang='grc' dir='ltr'><em>οὐ</em></span> <span class='ocrx_word' id='word_1_122' title='bbox 268 1095 304 1153; x_wconf 87' lang='grc' dir='ltr'><em>τήν</em></span> <span class='ocrx_word' id='word_1_123' title='bbox 325 1095 425 1151; x_wconf 80' lang='grc' dir='ltr'><em>τοιαύτιγν</em></span> <span class='ocrx_word' id='word_1_124' title='bbox 442 1093 565 1151; x_wconf 85' lang='grc' dir='ltr'><em>άποδέγομαι</em></span> <span class='ocrx_word' id='word_1_125' title='bbox 586 1096 730 1153; x_wconf 73' lang='grc' dir='ltr'><em>παρατήρησιν.</em></span> <span class='ocrx_word' id='word_1_126' title='bbox 758 1092 817 1139; x_wconf 73' lang='grc' dir='ltr'><em>Ἀλίά</em></span> <span class='ocrx_word' id='word_1_127' title='bbox 837 1095 856 1138; x_wconf 89' lang='grc' dir='ltr'><em>τί</em></span> 
     </span>
     <span class='ocr_line' id='line_1_16' title="bbox 111 1163 856 1225; baseline -0.003 -14"><span class='ocrx_word' id='word_1_128' title='bbox 111 1189 128 1216; x_wconf 70' lang='grc' dir='ltr'><em>ιι</em></span> <span class='ocrx_word' id='word_1_129' title='bbox 137 1166 242 1225; x_wconf 69' lang='grc' dir='ltr'><em>ἐπήγαγεν,</em></span> <span class='ocrx_word' id='word_1_130' title='bbox 258 1169 275 1210; x_wconf 90' lang='grc' dir='ltr'><em>εί</em></span> <span class='ocrx_word' id='word_1_131' title='bbox 288 1165 327 1223; x_wconf 90' lang='grc' dir='ltr'><em>γάρ</em></span> <span class='ocrx_word' id='word_1_132' title='bbox 343 1165 376 1210; x_wconf 87' lang='grc' dir='ltr'><em>διά</em></span> <span class='ocrx_word' id='word_1_133' title='bbox 391 1170 461 1223; x_wconf 75' lang='grc' dir='ltr'><em>βρῶμα</em></span> <span class='ocrx_word' id='word_1_134' title='bbox 476 1163 487 1212; x_wconf 91' lang='grc' dir='ltr'><em>ό</em></span> <span class='ocrx_word' id='word_1_135' title='bbox 502 1164 589 1222; x_wconf 78' lang='grc' dir='ltr'><em>άδεάφός</em></span> <span class='ocrx_word' id='word_1_136' title='bbox 604 1178 641 1211; x_wconf 87' lang='grc' dir='ltr'><em>σου</em></span> <span class='ocrx_word' id='word_1_137' title='bbox 656 1171 754 1220; x_wconf 72' lang='grc' dir='ltr'><em>δονεῖται,</em></span> <span class='ocrx_word' id='word_1_138' title='bbox 775 1164 813 1210; x_wconf 90' lang='grc' dir='ltr'><em>οὐκ</em></span> <span class='ocrx_word' id='word_1_139' title='bbox 828 1165 856 1209; x_wconf 81' lang='grc' dir='ltr'><em>ἐτι</em></span> 
     </span>
     <span class='ocr_line' id='line_1_17' title="bbox 136 1235 856 1295; baseline -0.003 -12"><span class='ocrx_word' id='word_1_140' title='bbox 136 1238 187 1283; x_wconf 89' lang='grc' dir='ltr'><em>κατά</em></span> <span class='ocrx_word' id='word_1_141' title='bbox 197 1236 276 1295; x_wconf 83' lang='grc' dir='ltr'><em>οίγάπιγν</em></span> <span class='ocrx_word' id='word_1_142' title='bbox 286 1243 408 1295; x_wconf 75' lang='grc' dir='ltr'><em>περιπατεῖς</em></span> <span class='ocrx_word' id='word_1_143' title='bbox 424 1236 465 1282; x_wconf 74' lang='grc' dir='ltr'><em>άίά</em></span> <span class='ocrx_word' id='word_1_144' title='bbox 476 1235 504 1282; x_wconf 87' lang='grc' dir='ltr'><em>ότι</em></span> <span class='ocrx_word' id='word_1_145' title='bbox 516 1236 543 1295; x_wconf 87' lang='grc' dir='ltr'><em>μή</em></span> <span class='ocrx_word' id='word_1_146' title='bbox 555 1237 632 1282; x_wconf 90' lang='grc' dir='ltr'><em>δίκαιόν</em></span> <span class='ocrx_word' id='word_1_147' title='bbox 643 1249 663 1282; x_wconf 91' lang='grc' dir='ltr'><em>σε</em></span> <span class='ocrx_word' id='word_1_148' title='bbox 674 1238 722 1295; x_wconf 73' lang='grc' dir='ltr'><em>φησί</em></span> <span class='ocrx_word' id='word_1_149' title='bbox 733 1237 766 1282; x_wconf 88' lang='grc' dir='ltr'><em>διά</em></span> <span class='ocrx_word' id='word_1_150' title='bbox 780 1240 856 1295; x_wconf 83' lang='grc' dir='ltr'><em>βριδσιν</em></span> 
     </span>
     <span class='ocr_line' id='line_1_18' title="bbox 138 1306 855 1369; baseline -0.003 -14"><span class='ocrx_word' id='word_1_151' title='bbox 138 1316 207 1355; x_wconf 75' lang='grc' dir='ltr'><em>ίοπεῑν</em></span> <span class='ocrx_word' id='word_1_152' title='bbox 221 1308 256 1354; x_wconf 89' lang='grc' dir='ltr'><em>τόν</em></span> <span class='ocrx_word' id='word_1_153' title='bbox 271 1308 368 1368; x_wconf 81' lang='grc' dir='ltr'><em>άδείφόν,</em></span> <span class='ocrx_word' id='word_1_154' title='bbox 391 1309 438 1354; x_wconf 81' lang='grc' dir='ltr'><em>δέον</em></span> <span class='ocrx_word' id='word_1_155' title='bbox 455 1312 479 1369; x_wconf 77' lang='grc' dir='ltr'><em>τῇ</em></span> <span class='ocrx_word' id='word_1_156' title='bbox 495 1306 562 1369; x_wconf 81' lang='grc' dir='ltr'><em>άγάπμ</em></span> <span class='ocrx_word' id='word_1_157' title='bbox 577 1310 611 1354; x_wconf 84' lang='grc' dir='ltr'><em>καί</em></span> <span class='ocrx_word' id='word_1_158' title='bbox 624 1308 721 1367; x_wconf 79' lang='grc' dir='ltr'><em>μειζόνων</em></span> <span class='ocrx_word' id='word_1_159' title='bbox 742 1307 855 1366; x_wconf 78' lang='grc' dir='ltr'><em>άνέχεσδαι.</em></span> 
     </span>
     <span class='ocr_line' id='line_1_19' title="bbox 180 1380 857 1440; baseline 0 -15"><span class='ocrx_word' id='word_1_160' title='bbox 180 1384 234 1433; x_wconf 82' lang='lat' dir='ltr'>XIV,</span> <span class='ocrx_word' id='word_1_161' title='bbox 251 1387 281 1426; x_wconf 81' lang='lat'><em>17.</em></span> <span class='ocrx_word' id='word_1_162' title='bbox 305 1381 374 1436; x_wconf 73' lang='grc' dir='ltr'><em>’Ἄξιον</em></span> <span class='ocrx_word' id='word_1_163' title='bbox 394 1381 461 1438; x_wconf 78' lang='grc' dir='ltr'><em>μέντοι</em></span> <span class='ocrx_word' id='word_1_164' title='bbox 479 1380 584 1433; x_wconf 85' lang='grc' dir='ltr'><em>κάκείνους</em></span> <span class='ocrx_word' id='word_1_165' title='bbox 604 1380 687 1439; x_wconf 76' lang='grc' dir='ltr'><em>γελάσαι</em></span> <span class='ocrx_word' id='word_1_166' title='bbox 707 1385 742 1440; x_wconf 79' lang='grc' dir='ltr'><em>τῆς</em></span> <span class='ocrx_word' id='word_1_167' title='bbox 764 1381 857 1439; x_wconf 76' lang='grc' dir='ltr'><em>εὐήδείας</em></span> 
     </span>
     <span class='ocr_line' id='line_1_20' title="bbox 140 1451 858 1512; baseline -0.001 -13"><span class='ocrx_word' id='word_1_168' title='bbox 140 1456 244 1508; x_wconf 79' lang='grc' dir='ltr'><em>ἐντεύδεν,</em></span> <span class='ocrx_word' id='word_1_169' title='bbox 266 1458 285 1498; x_wconf 83' lang='grc' dir='ltr'><em>οἳ</em></span> <span class='ocrx_word' id='word_1_170' title='bbox 303 1451 351 1510; x_wconf 88' lang='grc' dir='ltr'><em>μετά</em></span> <span class='ocrx_word' id='word_1_171' title='bbox 369 1452 406 1512; x_wconf 84' lang='grc' dir='ltr'><em>τήν</em></span> <span class='ocrx_word' id='word_1_172' title='bbox 424 1453 533 1499; x_wconf 90' lang='grc' dir='ltr'><em>άνάστασιν</em></span> <span class='ocrx_word' id='word_1_173' title='bbox 551 1455 626 1499; x_wconf 67' lang='grc' dir='ltr'><em>ἐσθίειν</em></span> <span class='ocrx_word' id='word_1_174' title='bbox 642 1456 709 1499; x_wconf 77' lang='grc' dir='ltr'><em>τεκαὶ</em></span> <span class='ocrx_word' id='word_1_175' title='bbox 724 1457 789 1499; x_wconf 88' lang='grc' dir='ltr'><em>πίνειν</em></span> <span class='ocrx_word' id='word_1_176' title='bbox 805 1452 858 1510; x_wconf 83' lang='grc' dir='ltr'><em>ήμάς</em></span> 
     </span>
     <span class='ocr_line' id='line_1_21' title="bbox 115 1523 858 1585; baseline 0 -15"><span class='ocrx_word' id='word_1_177' title='bbox 115 1528 268 1582; x_wconf 75' lang='grc' dir='ltr'><em>αονομίζονσιν,</em></span> <span class='ocrx_word' id='word_1_178' title='bbox 290 1523 370 1582; x_wconf 83' lang='grc' dir='ltr'><em>σφόδρα</em></span> <span class='ocrx_word' id='word_1_179' title='bbox 390 1524 414 1583; x_wconf 83' lang='grc' dir='ltr'><em>δή</em></span> <span class='ocrx_word' id='word_1_180' title='bbox 434 1525 514 1570; x_wconf 76' lang='grc' dir='ltr'><em>ἐναντία</em></span> <span class='ocrx_word' id='word_1_181' title='bbox 531 1523 709 1584; x_wconf 79' lang='grc' dir='ltr'><em>ὑπολαμβάνοντες</em></span> <span class='ocrx_word' id='word_1_182' title='bbox 727 1530 752 1585; x_wconf 78' lang='grc' dir='ltr'><em>τῇ</em></span> <span class='ocrx_word' id='word_1_183' title='bbox 772 1523 858 1570; x_wconf 80' lang='grc' dir='ltr'><em>Παύίου</em></span> 
     </span>
     <span class='ocr_line' id='line_1_22' title="bbox 141 1594 857 1656; baseline 0 -14"><span class='ocrx_word' id='word_1_184' title='bbox 141 1602 208 1656; x_wconf 81' lang='grc' dir='ltr'><em>φωνή,</em></span> <span class='ocrx_word' id='word_1_185' title='bbox 225 1595 262 1641; x_wconf 91' lang='grc' dir='ltr'><em>οὐκ</em></span> <span class='ocrx_word' id='word_1_186' title='bbox 277 1596 298 1640; x_wconf 83' lang='grc' dir='ltr'><em>ἐν</em></span> <span class='ocrx_word' id='word_1_187' title='bbox 312 1594 384 1653; x_wconf 78' lang='grc' dir='ltr'><em>βρώσει</em></span> <span class='ocrx_word' id='word_1_188' title='bbox 399 1598 431 1640; x_wconf 84' lang='grc' dir='ltr'><em>καὶ</em></span> <span class='ocrx_word' id='word_1_189' title='bbox 446 1596 503 1641; x_wconf 88' lang='grc' dir='ltr'><em>πόσει</em></span> <span class='ocrx_word' id='word_1_190' title='bbox 516 1596 554 1654; x_wconf 86' lang='grc' dir='ltr'><em>τήν</em></span> <span class='ocrx_word' id='word_1_191' title='bbox 568 1600 670 1656; x_wconf 82' lang='grc' dir='ltr'><em>βασιλείαν</em></span> <span class='ocrx_word' id='word_1_192' title='bbox 685 1602 721 1643; x_wconf 91' lang='grc' dir='ltr'><em>τού</em></span> <span class='ocrx_word' id='word_1_193' title='bbox 736 1602 787 1643; x_wconf 80' lang='grc' dir='ltr'><em>δεού</em></span> <span class='ocrx_word' id='word_1_194' title='bbox 804 1613 857 1655; x_wconf 93' lang='grc' dir='ltr'><em>περι-</em></span> 
     </span>
     <span class='ocr_line' id='line_1_23' title="bbox 142 1666 378 1728; baseline -0.013 -13"><span class='ocrx_word' id='word_1_195' title='bbox 142 1671 244 1728; x_wconf 77' lang='grc' dir='ltr'><em>ορίζεσδαι</em></span> <span class='ocrx_word' id='word_1_196' title='bbox 258 1666 378 1725; x_wconf 87' lang='grc' dir='ltr'><em>φάσκοντος.</em></span> 
     </span>
     <span class='ocr_line' id='line_1_24' title="bbox 183 1739 860 1800; baseline 0 -14"><span class='ocrx_word' id='word_1_197' title='bbox 183 1743 238 1794; x_wconf 76' lang='lat' dir='ltr'>xlv,</span> <span class='ocrx_word' id='word_1_198' title='bbox 254 1744 285 1784; x_wconf 72' lang='lat'><em>22.</em></span> <span class='ocrx_word' id='word_1_199' title='bbox 301 1745 333 1784; x_wconf 71' lang='lat'><em>23.</em></span> <span class='ocrx_word' id='word_1_200' title='bbox 363 1739 471 1797; x_wconf 85' lang='grc' dir='ltr'><em>Μακάριός</em></span> <span class='ocrx_word' id='word_1_201' title='bbox 488 1751 560 1798; x_wconf 80' lang='grc' dir='ltr'><em>φησιν,</em></span> <span class='ocrx_word' id='word_1_202' title='bbox 584 1739 639 1800; x_wconf 81' lang='grc' dir='ltr'><em>ὁμή</em></span> <span class='ocrx_word' id='word_1_203' title='bbox 656 1743 730 1796; x_wconf 81' lang='grc' dir='ltr'><em>πρίνων</em></span> <span class='ocrx_word' id='word_1_204' title='bbox 750 1740 823 1786; x_wconf 85' lang='grc' dir='ltr'><em>ἐαντόν</em></span> <span class='ocrx_word' id='word_1_205' title='bbox 837 1742 860 1786; x_wconf 86' lang='grc' dir='ltr'><em>ἐν</em></span> 
     </span>
     <span class='ocr_line' id='line_1_25' title="bbox 143 1807 859 1873; baseline 0.001 -16"><span class='ocrx_word' id='word_1_206' title='bbox 143 1807 159 1873; x_wconf 71' lang='grc' dir='ltr'><em>ᾧ</em></span> <span class='ocrx_word' id='word_1_207' title='bbox 175 1811 280 1869; x_wconf 86' lang='grc' dir='ltr'><em>δοκιμάζει.</em></span> <span class='ocrx_word' id='word_1_208' title='bbox 312 1811 386 1868; x_wconf 83' lang='grc' dir='ltr'><em>Φωνήν</em></span> <span class='ocrx_word' id='word_1_209' title='bbox 400 1812 488 1857; x_wconf 73' lang='grc' dir='ltr'><em>τέθεικεν</em></span> <span class='ocrx_word' id='word_1_210' title='bbox 503 1811 540 1856; x_wconf 88' lang='grc' dir='ltr'><em>οὐκ</em></span> <span class='ocrx_word' id='word_1_211' title='bbox 555 1813 636 1863; x_wconf 83' lang='grc' dir='ltr'><em>ἐκείνοις</em></span> <span class='ocrx_word' id='word_1_212' title='bbox 651 1812 764 1869; x_wconf 88' lang='grc' dir='ltr'><em>άναγκαίαν</em></span> <span class='ocrx_word' id='word_1_213' title='bbox 778 1813 859 1869; x_wconf 87' lang='grc' dir='ltr'><em>μόνοις,</em></span> 
     </span>
     <span class='ocr_line' id='line_1_26' title="bbox 118 1880 860 1943; baseline 0.003 -14"><span class='ocrx_word' id='word_1_214' title='bbox 118 1883 193 1935; x_wconf 68' lang='grc' dir='ltr'><em>γιάίίά</em></span> <span class='ocrx_word' id='word_1_215' title='bbox 212 1882 251 1943; x_wconf 88' lang='grc' dir='ltr'><em>γάρ</em></span> <span class='ocrx_word' id='word_1_216' title='bbox 272 1883 306 1928; x_wconf 86' lang='grc' dir='ltr'><em>καί</em></span> <span class='ocrx_word' id='word_1_217' title='bbox 322 1885 371 1928; x_wconf 86' lang='grc' dir='ltr'><em>πάσι</em></span> <span class='ocrx_word' id='word_1_218' title='bbox 388 1889 430 1936; x_wconf 81' lang='grc' dir='ltr'><em>τοῖς</em></span> <span class='ocrx_word' id='word_1_219' title='bbox 448 1880 552 1940; x_wconf 85' lang='grc' dir='ltr'><em>ὁτιδήποτε</em></span> <span class='ocrx_word' id='word_1_220' title='bbox 566 1886 606 1929; x_wconf 80' lang='grc' dir='ltr'><em>τάν</em></span> <span class='ocrx_word' id='word_1_221' title='bbox 621 1885 648 1936; x_wconf 86' lang='grc' dir='ltr'><em>είς</em></span> <span class='ocrx_word' id='word_1_222' title='bbox 663 1882 766 1943; x_wconf 91' lang='grc' dir='ltr'><em>άκρίβειαν</em></span> <span class='ocrx_word' id='word_1_223' title='bbox 783 1896 860 1931; x_wconf 91' lang='grc' dir='ltr'><em>συντει-</em></span> 
     </span>
     <span class='ocr_line' id='line_1_27' title="bbox 143 1953 859 2014; baseline 0 -12"><span class='ocrx_word' id='word_1_224' title='bbox 143 1959 220 2003; x_wconf 91' lang='grc' dir='ltr'><em>νόντων</em></span> <span class='ocrx_word' id='word_1_225' title='bbox 234 1955 321 2013; x_wconf 72' lang='grc' dir='ltr'><em>μετιέναι</em></span> <span class='ocrx_word' id='word_1_226' title='bbox 335 1954 470 2013; x_wconf 75' lang='grc' dir='ltr'><em>βουλομένοις.</em></span> <span class='ocrx_word' id='word_1_227' title='bbox 498 1953 547 2013; x_wconf 81' lang='grc' dir='ltr'><em>Ἐγά</em></span> <span class='ocrx_word' id='word_1_228' title='bbox 562 1954 601 2013; x_wconf 88' lang='grc' dir='ltr'><em>γάρ</em></span> <span class='ocrx_word' id='word_1_229' title='bbox 616 1967 689 2014; x_wconf 80' lang='grc' dir='ltr'><em>φησιν,</em></span> <span class='ocrx_word' id='word_1_230' title='bbox 704 1958 780 2002; x_wconf 86' lang='grc' dir='ltr'><em>ἐκεῖνον</em></span> <span class='ocrx_word' id='word_1_231' title='bbox 794 1957 859 2013; x_wconf 87' lang='grc' dir='ltr'><em>μακά-</em></span> 
     </span>
     <span class='ocr_line' id='line_1_28' title="bbox 144 2024 860 2088; baseline 0 -15"><span class='ocrx_word' id='word_1_232' title='bbox 144 2040 212 2088; x_wconf 89' lang='grc' dir='ltr'><em>ριστον</em></span> <span class='ocrx_word' id='word_1_233' title='bbox 227 2026 277 2073; x_wconf 79' lang='grc' dir='ltr'><em>εἶναι</em></span> <span class='ocrx_word' id='word_1_234' title='bbox 292 2028 380 2084; x_wconf 80' lang='grc' dir='ltr'><em>τίδεμαι,</em></span> <span class='ocrx_word' id='word_1_235' title='bbox 396 2025 418 2079; x_wconf 86' lang='grc' dir='ltr'><em>δς</em></span> <span class='ocrx_word' id='word_1_236' title='bbox 433 2024 514 2072; x_wconf 86' lang='grc' dir='ltr'><em>ἐπειδάν</em></span> <span class='ocrx_word' id='word_1_237' title='bbox 528 2044 547 2071; x_wconf 93' lang='grc' dir='ltr'><em>τι</em></span> <span class='ocrx_word' id='word_1_238' title='bbox 561 2026 658 2086; x_wconf 82' lang='grc' dir='ltr'><em>δοκιμάσμ</em></span> <span class='ocrx_word' id='word_1_239' title='bbox 674 2026 812 2087; x_wconf 69' lang='grc' dir='ltr'><em>δι”άκρίβειαν</em></span> <span class='ocrx_word' id='word_1_240' title='bbox 826 2030 860 2074; x_wconf 85' lang='grc' dir='ltr'><em>καί</em></span> 
     </span>
     <span class='ocr_line' id='line_1_29' title="bbox 144 2097 860 2159; baseline -0.001 -13"><span class='ocrx_word' id='word_1_241' title='bbox 144 2099 217 2159; x_wconf 83' lang='grc' dir='ltr'><em>άρετήν</em></span> <span class='ocrx_word' id='word_1_242' title='bbox 231 2098 328 2156; x_wconf 79' lang='grc' dir='ltr'><em>μετιέναι,</em></span> <span class='ocrx_word' id='word_1_243' title='bbox 345 2098 407 2155; x_wconf 84' lang='grc' dir='ltr'><em>ἐγεται</em></span> <span class='ocrx_word' id='word_1_244' title='bbox 421 2097 458 2155; x_wconf 86' lang='grc' dir='ltr'><em>μέν</em></span> <span class='ocrx_word' id='word_1_245' title='bbox 472 2102 508 2142; x_wconf 88' lang='grc' dir='ltr'><em>τού</em></span> <span class='ocrx_word' id='word_1_246' title='bbox 523 2097 593 2155; x_wconf 73' lang='grc' dir='ltr'><em>ἔργον,</em></span> <span class='ocrx_word' id='word_1_247' title='bbox 610 2097 634 2144; x_wconf 89' lang='grc' dir='ltr'><em>οὐ</em></span> <span class='ocrx_word' id='word_1_248' title='bbox 648 2098 688 2157; x_wconf 86' lang='grc' dir='ltr'><em>μήν</em></span> <span class='ocrx_word' id='word_1_249' title='bbox 703 2100 775 2145; x_wconf 82' lang='grc' dir='ltr'><em>ἐαυτὸν</em></span> <span class='ocrx_word' id='word_1_250' title='bbox 789 2099 860 2156; x_wconf 87' lang='grc' dir='ltr'><em>ὐπερέ-</em></span> 
     </span>
     <span class='ocr_line' id='line_1_30' title="bbox 144 2167 861 2231; baseline 0 -14"><span class='ocrx_word' id='word_1_251' title='bbox 144 2190 185 2231; x_wconf 83' lang='grc' dir='ltr'><em>χειν</em></span> <span class='ocrx_word' id='word_1_252' title='bbox 200 2170 233 2217; x_wconf 88' lang='grc' dir='ltr'><em>διά</em></span> <span class='ocrx_word' id='word_1_253' title='bbox 247 2175 308 2215; x_wconf 77' lang='grc' dir='ltr'><em>τοῦτο</em></span> <span class='ocrx_word' id='word_1_254' title='bbox 322 2172 397 2227; x_wconf 81' lang='grc' dir='ltr'><em>νομίζει</em></span> <span class='ocrx_word' id='word_1_255' title='bbox 411 2173 451 2214; x_wconf 81' lang='grc' dir='ltr'><em>τῶν</em></span> <span class='ocrx_word' id='word_1_256' title='bbox 466 2167 491 2214; x_wconf 93' lang='grc' dir='ltr'><em>οὐ</em></span> <span class='ocrx_word' id='word_1_257' title='bbox 505 2169 528 2214; x_wconf 88' lang='grc' dir='ltr'><em>τό</em></span> <span class='ocrx_word' id='word_1_258' title='bbox 543 2169 592 2214; x_wconf 90' lang='grc' dir='ltr'><em>αὐτό</em></span> <span class='ocrx_word' id='word_1_259' title='bbox 607 2169 725 2226; x_wconf 85' lang='grc' dir='ltr'><em>μετιόντων·</em></span> <span class='ocrx_word' id='word_1_260' title='bbox 745 2171 808 2217; x_wconf 82' lang='grc' dir='ltr'><em>καλόν</em></span> <span class='ocrx_word' id='word_1_261' title='bbox 822 2171 861 2229; x_wconf 87' lang='grc' dir='ltr'><em>γάρ</em></span> 
     </span>
     <span class='ocr_line' id='line_1_31' title="bbox 120 2239 861 2304; baseline -0.004 -11"><span class='ocrx_word' id='word_1_262' title='bbox 120 2243 208 2303; x_wconf 82' lang='grc' dir='ltr'><em>οοπάσης</em></span> <span class='ocrx_word' id='word_1_263' title='bbox 223 2241 279 2295; x_wconf 84' lang='grc' dir='ltr'><em>ἐκτός</em></span> <span class='ocrx_word' id='word_1_264' title='bbox 293 2241 375 2301; x_wconf 79' lang='grc' dir='ltr'><em>οἰήσεως</em></span> <span class='ocrx_word' id='word_1_265' title='bbox 389 2241 426 2300; x_wconf 86' lang='grc' dir='ltr'><em>τήν</em></span> <span class='ocrx_word' id='word_1_266' title='bbox 441 2239 513 2300; x_wconf 87' lang='grc' dir='ltr'><em>άρετήν</em></span> <span class='ocrx_word' id='word_1_267' title='bbox 529 2241 631 2297; x_wconf 77' lang='grc' dir='ltr'><em>ἐπιτελεῖν,</em></span> <span class='ocrx_word' id='word_1_268' title='bbox 654 2241 680 2301; x_wconf 81' lang='grc' dir='ltr'><em>μή</em></span> <span class='ocrx_word' id='word_1_269' title='bbox 695 2241 798 2304; x_wconf 84' lang='grc' dir='ltr'><em>ὐπερέχειν</em></span> <span class='ocrx_word' id='word_1_270' title='bbox 817 2244 861 2290; x_wconf 37' lang='grc' dir='ltr'><em>ἓαυ,</em></span> 
     </span>
     <span class='ocr_line' id='line_1_32' title="bbox 145 2313 862 2374; baseline 0 -12"><span class='ocrx_word' id='word_1_271' title='bbox 145 2318 180 2363; x_wconf 90' lang='grc' dir='ltr'><em>τόν</em></span> <span class='ocrx_word' id='word_1_272' title='bbox 195 2316 228 2364; x_wconf 89' lang='grc' dir='ltr'><em>διά</em></span> <span class='ocrx_word' id='word_1_273' title='bbox 242 2320 305 2361; x_wconf 88' lang='grc' dir='ltr'><em>ταύτα</em></span> <span class='ocrx_word' id='word_1_274' title='bbox 319 2318 435 2373; x_wconf 80' lang='grc' dir='ltr'><em>νομίζοντα,</em></span> <span class='ocrx_word' id='word_1_275' title='bbox 458 2315 508 2371; x_wconf 85' lang='grc' dir='ltr'><em>άπερ</em></span> <span class='ocrx_word' id='word_1_276' title='bbox 526 2313 552 2358; x_wconf 86' lang='grc' dir='ltr'><em>άν</em></span> <span class='ocrx_word' id='word_1_277' title='bbox 571 2314 668 2374; x_wconf 78' lang='grc' dir='ltr'><em>ἐπιδομίμ</em></span> <span class='ocrx_word' id='word_1_278' title='bbox 684 2319 724 2360; x_wconf 77' lang='grc' dir='ltr'><em>τῶν</em></span> <span class='ocrx_word' id='word_1_279' title='bbox 743 2315 862 2373; x_wconf 87' lang='grc' dir='ltr'><em>κρειττόνων</em></span> 
     </span>
     <span class='ocr_line' id='line_1_33' title="bbox 146 2386 862 2450; baseline 0.001 -16"><span class='ocrx_word' id='word_1_280' title='bbox 146 2393 212 2450; x_wconf 81' lang='grc' dir='ltr'><em>μετίμ,</em></span> <span class='ocrx_word' id='word_1_281' title='bbox 234 2389 283 2448; x_wconf 77' lang='grc' dir='ltr'><em>μηδὲ</em></span> <span class='ocrx_word' id='word_1_282' title='bbox 297 2388 338 2448; x_wconf 87' lang='grc' dir='ltr'><em>μήν</em></span> <span class='ocrx_word' id='word_1_283' title='bbox 353 2386 526 2446; x_wconf 89' lang='grc' dir='ltr'><em>άποδοκιμάζοντα</em></span> <span class='ocrx_word' id='word_1_284' title='bbox 540 2386 576 2432; x_wconf 89' lang='grc' dir='ltr'><em>τόν</em></span> <span class='ocrx_word' id='word_1_285' title='bbox 591 2386 629 2432; x_wconf 89' lang='grc' dir='ltr'><em>οὐκ</em></span> <span class='ocrx_word' id='word_1_286' title='bbox 644 2387 665 2431; x_wconf 85' lang='grc' dir='ltr'><em>ἐν</em></span> <span class='ocrx_word' id='word_1_287' title='bbox 680 2394 721 2441; x_wconf 84' lang='grc' dir='ltr'><em>τοῖς</em></span> <span class='ocrx_word' id='word_1_288' title='bbox 736 2387 805 2442; x_wconf 78' lang='grc' dir='ltr'><em>αὐτοῖς</em></span> <span class='ocrx_word' id='word_1_289' title='bbox 824 2389 862 2444; x_wconf 53' lang='grc' dir='ltr'><em>ἐξεθ</em></span> 
     </span>
     <span class='ocr_line' id='line_1_34' title="bbox 147 2455 863 2523; baseline 0 -17"><span class='ocrx_word' id='word_1_290' title='bbox 147 2462 259 2519; x_wconf 88' lang='grc' dir='ltr'><em>ταζόμενον.</em></span> <span class='ocrx_word' id='word_1_291' title='bbox 293 2466 357 2506; x_wconf 85' lang='grc' dir='ltr'><em>Τούτο</em></span> <span class='ocrx_word' id='word_1_292' title='bbox 372 2460 409 2518; x_wconf 79' lang='grc' dir='ltr'><em>μὲν</em></span> <span class='ocrx_word' id='word_1_293' title='bbox 423 2455 462 2505; x_wconf 88' lang='grc' dir='ltr'><em>οὐν</em></span> <span class='ocrx_word' id='word_1_294' title='bbox 476 2463 552 2517; x_wconf 79' lang='grc' dir='ltr'><em>εἴρηται</em></span> <span class='ocrx_word' id='word_1_295' title='bbox 566 2459 616 2504; x_wconf 88' lang='grc' dir='ltr'><em>κατά</em></span> <span class='ocrx_word' id='word_1_296' title='bbox 630 2464 700 2504; x_wconf 88' lang='grc' dir='ltr'><em>κοινού</em></span> <span class='ocrx_word' id='word_1_297' title='bbox 715 2464 742 2521; x_wconf 69' lang='grc' dir='ltr'><em>τῷ</em></span> <span class='ocrx_word' id='word_1_298' title='bbox 757 2460 863 2523; x_wconf 85' lang='grc' dir='ltr'><em>άποστόλῳ</em></span> 
     </span>
     <span class='ocr_line' id='line_1_35' title="bbox 149 2528 864 2591; baseline 0 -13"><span class='ocrx_word' id='word_1_299' title='bbox 149 2532 186 2578; x_wconf 91' lang='grc' dir='ltr'><em>οὐκ</em></span> <span class='ocrx_word' id='word_1_300' title='bbox 200 2534 231 2578; x_wconf 84' lang='grc' dir='ltr'><em>ἐπὶ</em></span> <span class='ocrx_word' id='word_1_301' title='bbox 245 2538 285 2579; x_wconf 79' lang='grc' dir='ltr'><em>των</em></span> <span class='ocrx_word' id='word_1_302' title='bbox 299 2533 406 2591; x_wconf 88' lang='grc' dir='ltr'><em>παρόντων</em></span> <span class='ocrx_word' id='word_1_303' title='bbox 420 2532 496 2591; x_wconf 86' lang='grc' dir='ltr'><em>μόνον,</em></span> <span class='ocrx_word' id='word_1_304' title='bbox 515 2531 566 2577; x_wconf 78' lang='grc' dir='ltr'><em>άίάά</em></span> <span class='ocrx_word' id='word_1_305' title='bbox 579 2531 619 2590; x_wconf 88' lang='grc' dir='ltr'><em>γάρ</em></span> <span class='ocrx_word' id='word_1_306' title='bbox 639 2532 670 2576; x_wconf 82' lang='grc' dir='ltr'><em>ἐπί</em></span> <span class='ocrx_word' id='word_1_307' title='bbox 689 2532 764 2585; x_wconf 87' lang='grc' dir='ltr'><em>παντός</em></span> <span class='ocrx_word' id='word_1_308' title='bbox 784 2528 864 2585; x_wconf 79' lang='grc' dir='ltr'><em>οὗτινος</em></span> 
     </span>
     <span class='ocr_line' id='line_1_36' title="bbox 122 2599 864 2662; baseline -0.001 -13"><span class='ocrx_word' id='word_1_309' title='bbox 122 2634 141 2662; x_wconf 64' lang='lat'><em>35</em></span> <span class='ocrx_word' id='word_1_310' title='bbox 149 2599 187 2649; x_wconf 89' lang='grc' dir='ltr'><em>οὐν</em></span> <span class='ocrx_word' id='word_1_311' title='bbox 201 2602 336 2661; x_wconf 72' lang='grc' dir='ltr'><em>φυλάττεσθαι</em></span> <span class='ocrx_word' id='word_1_312' title='bbox 351 2603 414 2658; x_wconf 82' lang='grc' dir='ltr'><em>άξίου.</em></span> <span class='ocrx_word' id='word_1_313' title='bbox 445 2602 511 2648; x_wconf 73' lang='grc' dir='ltr'><em>Πάλιν</em></span> <span class='ocrx_word' id='word_1_314' title='bbox 526 2603 548 2648; x_wconf 77' lang='grc' dir='ltr'><em>δὲ</em></span> <span class='ocrx_word' id='word_1_315' title='bbox 563 2604 595 2648; x_wconf 85' lang='grc' dir='ltr'><em>ἐπί</em></span> <span class='ocrx_word' id='word_1_316' title='bbox 608 2601 631 2647; x_wconf 86' lang='grc' dir='ltr'><em>τό</em></span> <span class='ocrx_word' id='word_1_317' title='bbox 646 2606 776 2661; x_wconf 85' lang='grc' dir='ltr'><em>προκείμενον</em></span> <span class='ocrx_word' id='word_1_318' title='bbox 795 2602 864 2661; x_wconf 89' lang='grc' dir='ltr'><em>άνάγει</em></span> 
     </span>
     <span class='ocr_line' id='line_1_37' title="bbox 148 2673 865 2735; baseline 0 -13"><span class='ocrx_word' id='word_1_319' title='bbox 148 2675 184 2722; x_wconf 86' lang='grc' dir='ltr'><em>τόν</em></span> <span class='ocrx_word' id='word_1_320' title='bbox 198 2674 268 2733; x_wconf 80' lang='grc' dir='ltr'><em>λόγον·</em></span> <span class='ocrx_word' id='word_1_321' title='bbox 284 2674 294 2720; x_wconf 87' lang='grc' dir='ltr'><em>ό</em></span> <span class='ocrx_word' id='word_1_322' title='bbox 309 2676 331 2720; x_wconf 84' lang='grc' dir='ltr'><em>δέ</em></span> <span class='ocrx_word' id='word_1_323' title='bbox 345 2674 497 2733; x_wconf 85' lang='grc' dir='ltr'><em>διακρινόμενος</em></span> <span class='ocrx_word' id='word_1_324' title='bbox 507 2675 542 2721; x_wconf 80' lang='grc' dir='ltr'><em>ἐάν</em></span> <span class='ocrx_word' id='word_1_325' title='bbox 553 2673 608 2734; x_wconf 81' lang='grc' dir='ltr'><em>φάγμ</em></span> <span class='ocrx_word' id='word_1_326' title='bbox 618 2674 766 2735; x_wconf 79' lang='grc' dir='ltr'><em>κατακέκριται,</em></span> <span class='ocrx_word' id='word_1_327' title='bbox 782 2675 813 2722; x_wconf 84' lang='grc' dir='ltr'><em>ότι</em></span> <span class='ocrx_word' id='word_1_328' title='bbox 827 2675 865 2722; x_wconf 88' lang='grc' dir='ltr'><em>οὐκ</em></span> 
     </span>
     <span class='ocr_line' id='line_1_38' title="bbox 149 2745 864 2807; baseline -0.003 -11"><span class='ocrx_word' id='word_1_329' title='bbox 149 2750 170 2796; x_wconf 83' lang='grc' dir='ltr'><em>ἐκ</em></span> <span class='ocrx_word' id='word_1_330' title='bbox 184 2750 277 2800; x_wconf 85' lang='grc' dir='ltr'><em>πίστεως·</em></span> <span class='ocrx_word' id='word_1_331' title='bbox 298 2752 338 2794; x_wconf 87' lang='grc' dir='ltr'><em>πάν</em></span> <span class='ocrx_word' id='word_1_332' title='bbox 356 2748 377 2794; x_wconf 81' lang='grc' dir='ltr'><em>δὲ</em></span> <span class='ocrx_word' id='word_1_333' title='bbox 392 2747 404 2792; x_wconf 88' lang='grc' dir='ltr'><em>δ</em></span> <span class='ocrx_word' id='word_1_334' title='bbox 419 2747 456 2794; x_wconf 91' lang='grc' dir='ltr'><em>οὐκ</em></span> <span class='ocrx_word' id='word_1_335' title='bbox 470 2750 492 2794; x_wconf 90' lang='grc' dir='ltr'><em>ἐκ</em></span> <span class='ocrx_word' id='word_1_336' title='bbox 506 2751 600 2802; x_wconf 79' lang='grc' dir='ltr'><em>πίστεως,</em></span> <span class='ocrx_word' id='word_1_337' title='bbox 616 2745 702 2807; x_wconf 88' lang='grc' dir='ltr'><em>άμαρτία</em></span> <span class='ocrx_word' id='word_1_338' title='bbox 717 2749 777 2794; x_wconf 86' lang='grc' dir='ltr'><em>ἐστίν.</em></span> <span class='ocrx_word' id='word_1_339' title='bbox 805 2747 827 2794; x_wconf 89' lang='grc' dir='ltr'><em>Ὃ</em></span> <span class='ocrx_word' id='word_1_340' title='bbox 843 2748 864 2795; x_wconf 83' lang='grc' dir='ltr'><em>δέ</em></span> 
     </span>
     <span class='ocr_line' id='line_1_39' title="bbox 149 2819 865 2883; baseline -0.003 -14"><span class='ocrx_word' id='word_1_341' title='bbox 149 2819 300 2880; x_wconf 87' lang='grc' dir='ltr'><em>διακρινόμενος</em></span> <span class='ocrx_word' id='word_1_342' title='bbox 319 2820 356 2866; x_wconf 92' lang='grc' dir='ltr'><em>οὐκ</em></span> <span class='ocrx_word' id='word_1_343' title='bbox 375 2821 405 2866; x_wconf 83' lang='grc' dir='ltr'><em>ἐπί</em></span> <span class='ocrx_word' id='word_1_344' title='bbox 425 2825 452 2882; x_wconf 78' lang='grc' dir='ltr'><em>τῷ</em></span> <span class='ocrx_word' id='word_1_345' title='bbox 472 2821 582 2883; x_wconf 83' lang='grc' dir='ltr'><em>δμοπίστῳ·</em></span> <span class='ocrx_word' id='word_1_346' title='bbox 606 2819 616 2865; x_wconf 87' lang='grc' dir='ltr'><em>ό</em></span> <span class='ocrx_word' id='word_1_347' title='bbox 635 2820 671 2878; x_wconf 81' lang='grc' dir='ltr'><em>μὲν</em></span> <span class='ocrx_word' id='word_1_348' title='bbox 690 2821 729 2881; x_wconf 91' lang='grc' dir='ltr'><em>γάρ</em></span> <span class='ocrx_word' id='word_1_349' title='bbox 748 2821 781 2867; x_wconf 91' lang='grc' dir='ltr'><em>διά</em></span> <span class='ocrx_word' id='word_1_350' title='bbox 798 2823 865 2867; x_wconf 88' lang='grc' dir='ltr'><em>πίστιν</em></span> 
     </span>
    </p>
   </div>
   <div class='ocr_carea' id='block_1_3' title="bbox 0 0 908 3073">
    <p class='ocr_par' dir='ltr' id='par_1_3' title="bbox 0 0 908 3073">
     <span class='ocr_line' id='line_1_40' title="bbox 0 0 908 3073; baseline 0 0"><span class='ocrx_word' id='word_1_351' title='bbox 0 0 908 3073; x_wconf 95' lang='lat' dir='ltr'><em> </em></span> 
     </span>
    </p>
   </div>
  </div>
 </body>
</html>
