1773 3073
133 76 166 113 1λὺ
355 74 467 110 THEODORI
479 75 628 114 MOPSVESTENI

174 186 213 238 XI,
228 188 240 227 7
255 197 280 226 ss.
309 182 417 226 Λείανυσιν
435 181 485 227 αὑτό
506 183 582 229 όίτοπον
597 185 636 230 ἀπὸ
651 189 685 243 της
700 183 801 243 εὐσεβείας
815 188 849 231 ναί

134 258 173 304 ἀπό
187 260 221 314 τῆς
235 251 313 311 φὺσεως
327 254 360 298 καί
375 252 417 304 ἀπο,
430 259 465 313 τῆς
480 257 617 315 δημιουργίας.

173 330 211 379 XI,
228 330 260 370 18.
290 324 335 383 Πρὸ
349 324 388 384 γάρ
403 324 498 371 ὑπάντων
511 326 570 386 ὑμεῖν
584 330 648 375 έκεῖνο
663 331 756 387 αίτιάμαι
766 332 847 389 μησίν·

132 401 154 446 τὸ
168 399 205 458 γὰρ
220 401 300 457 πρῶτον
315 395 359 442 ἀντί
373 402 409 443 τοὺ
423 398 463 455 πρὸ
478 398 560 446 πάντων
574 402 635 460 λέγει,
651 401 678 455 ἀς
687 403 719 447 ναὶ
730 403 752 447 έν
761 405 786 461 τῇ
798 401 850 460 πρός

117 472 249 529 ιῬωμαίονς,
270 473 350 530 πρῶτον
367 470 403 529 μέν
419 470 448 516 ὅτι
464 472 611 532 ἐπιστεύθησαν
625 473 650 519 τὺ
664 474 722 532 λόγια
736 477 773 519 τοὺ
791 477 848 519 θευὺ.

171 546 213 599 XI,
229 548 261 589 λθ,
291 543 397 602 Κυριανόν
412 543 461 590 αὑτό
476 546 509 590 ναί
524 544 564 591 ἀπό
579 550 616 591 τοὺ
630 550 703 605 ααιροὺ
716 547 748 592 ναί
763 545 802 592 ἀπό
812 549 849 592 τοὺ

130 608 193 663 τόπον
202 617 262 674 λέγει,
278 614 305 669 ὑς
317 615 342 661 ἀν
357 615 385 661 ἐπ’
402 617 477 675 έιιείνης
490 622 525 676 της
541 617 615 678 ἡμέρας
630 620 651 664 έν
665 623 693 680 τῷ
708 622 742 677 της
757 618 849 664 συνελεὺ-

131 703 179 743 σεως
192 689 247 751 τόπῳ
261 689 312 734 αατά
326 688 401 734 ταυτὸν
416 690 490 735 ἐσθίειν
505 690 580 744 αὑτοὺς
593 695 630 750 τοὺ
644 691 795 749 νενομισμένου.

172 764 211 815 Xl,
228 767 260 806 23.
293 761 324 806 Τό,
340 761 455 818 παρέλαβον
475 761 514 807 ἀπό
533 768 570 807 τοὺ
589 766 661 819 ιινρίον
680 764 730 820 λέγει
748 763 792 808 ἀντὶ
811 768 849 808 τοὺ

104 833 253 893 τοπαρέλαβον,
269 830 296 885 ὑς
311 832 375 878 αὑτοὺ
389 836 426 878 τοὺ
441 835 512 891 τυρίον
527 833 580 879 οὑτω
594 841 659 880 ποιεῖν
673 832 847 893 παραδεδωκότος·

130 904 155 951 οὑ
174 905 213 964 γὰρ
232 904 258 964 δὴ
275 909 342 964 παρῆν
359 904 436 950 τοὺτων
451 904 496 963 παρ’
512 904 575 951 αὐτοῦ
589 912 631 959 τοῖς
645 913 746 965 μαθηταῖς
764 910 849 966 παραβι-

130 978 227 1036 ὑομένων.
704 1018 707 1023 .

171 1052 213 1104 Xl,
229 1055 262 1097 28.
285 1049 391 1103 Ἕκαστος,
408 1050 479 1109 φησίν,
495 1050 597 1106 ἐξεταζέτω
611 1050 648 1110 τὴν
663 1054 738 1098 οίαείαν
748 1050 847 1107 ὑιιίνοιαν,

128 1124 199 1182 ἥντινα
216 1124 260 1180 περί
279 1127 320 1167 τοῖν
337 1125 451 1182 μυστηρίων
470 1122 560 1180 νέατηται
575 1123 613 1182 τὴν
626 1122 737 1182 ὑπόληψιν,
757 1125 790 1170 παὶ
804 1122 848 1169 τότε

105 1196 197 1244 ιταὺτεέν
206 1194 312 1254 μετεχέτω
326 1193 349 1240 τό
363 1193 402 1253 γὺρ
418 1193 491 1240 έαυτὺν
506 1194 551 1240 ἀντί
564 1200 601 1241 τοὺ
615 1195 652 1254 τὴν
667 1196 760 1243 ὑιάνοιαν
774 1198 848 1242 έαντοιῖ

129 1268 188 1325 λέγει,
203 1265 294 1312 ναθόλου
308 1268 352 1324 περὶ
366 1270 400 1323 της
414 1270 454 1311 των
469 1269 583 1325 μυστηρίων
596 1266 717 1326 ὑπολήψεως
731 1269 752 1313 έν
766 1268 847 1321 τούτοις

129 1341 197 1398 λέγων.

170 1414 212 1470 XI,
228 1417 259 1458 34.
292 1410 349 1464 Τινές
364 1409 389 1457 οὑ
402 1409 558 1471 προσεσχηκότες
571 1416 595 1471 τῇ
606 1414 685 1473 ὑιανοίηι
695 1417 735 1458 τῶν
744 1411 846 1470 αειμένων,

128 1488 233 1545 νομίζουσι
246 1488 283 1530 τοὺ
298 1482 412 1530 ἀποστόλου
427 1487 518 1543 πληροὺν
532 1483 568 1528 τόν
584 1483 670 1537 σκοπόν,
689 1487 705 1530 εί
720 1484 847 1531 σπανιώτατα

103 1575 169 1604 εοπου
182 1563 224 1604 ταῖν
238 1559 353 1616 μυστηρίων
368 1556 479 1613 μετέχοιεν·
494 1555 541 1601 ὑέον
551 1555 626 1608 αὑτοὺς
636 1560 732 1611 συνιδεῖν,
748 1556 779 1603 ότι
793 1560 847 1616 είπερ

129 1630 193 1690 πάντη
207 1627 359 1689 ααθαρεὺοντας
374 1626 471 1687 όμαρτίας
485 1626 578 1687 βοὺλεται
590 1635 703 1685 αοινωνεῖν,
718 1630 847 1687 πρῶτονμὲν

129 1703 226 1762 ὑμαρτίας
240 1701 343 1748 ἀὺὑνατον
357 1701 422 1759 πάντη
436 1700 559 1758 ναθαρεὺειν
574 1701 685 1760 ἀνθρωπον
702 1701 761 1755 όντα,
782 1701 847 1747 ὑεὺτε-

130 1793 167 1831 ρον
184 1776 216 1827 ὑέ,
237 1777 253 1818 εί
269 1775 303 1818 ναί
322 1777 382 1817 τοῦτο
399 1768 425 1830 ἦν
443 1772 542 1826 δυνατόν,
563 1771 604 1816 ἀλλ’
623 1771 660 1830 οὑχ
677 1771 729 1830 ὑμεῖς
745 1790 768 1829 γε
785 1778 846 1818 τοὺτο

130 1848 174 1904 περὶ
188 1847 264 1892 έαντεῖν
277 1843 413 1903 ὑπειληφότας
426 1849 531 1888 αοινωνεῖν
546 1845 624 1888 ὑίναιον
638 1859 675 1902 ην
695 1845 729 1888 ναί
745 1848 786 1889 ποὺ
801 1844 847 1903 στη-

105 1931 185 1967 ντσεται
198 1918 220 1963 τό
236 1916 303 1970 ὑσνίιας
318 1917 354 1962 έὺν
369 1917 458 1974 ἐσθίητε,
479 1916 582 1974 συνέχειαν
600 1915 639 1974 γάρ
655 1918 743 1961 ὑείνννσι
757 1920 792 1975 τῆς
806 1934 846 1962 νοι-

130 1994 203 2044 νωνίας
213 1990 235 2036 τό
247 1990 359 2050 εἰρημένον,
375 1984 391 2051 ηὑ
406 1988 431 2047 δη
446 1989 560 2049 σόνὺρομος
574 1990 608 2034 καί
622 1987 633 2033 ό
648 1990 680 2034 έτιί
694 1993 729 2047 της
744 1990 847 2048 έααλησίας

131 2064 213 2122 θεσμός,
231 2062 316 2108 πάντοτε
333 2063 465 2106 ἐπιτελεῖσθαι
483 2060 605 2119 βουλόμενος
622 2061 646 2105 τά
664 2061 769 2120 μνστηρια,
802 2067 847 2107 Τῶν

83 2160 84 2165 ’
132 2132 169 2182 οὑν
186 2138 300 2194 μυστηρίων
320 2134 356 2181 τόν
376 2134 412 2192 μέν
431 2133 455 2179 τό
475 2133 557 2191 μέγιστα
574 2134 607 2178 καί
626 2133 677 2191 ἀγαν
695 2133 848 2194 ἀπηγορευμένα

132 2206 300 2266 διαπραττόμενον
321 2206 431 2265 ἀπέχεσθαι
448 2205 513 2258 ὅσιον,
536 2206 580 2264 περί
600 2199 628 2248 ὑν
650 2206 684 2250 ναί
705 2204 716 2250 ὁ
737 2205 848 2260 ἀπόστολος

108 2278 248 2340 εοάπεφβνατο
268 2282 346 2337 σαφεῖς,
366 2276 404 2323 οὑν
422 2278 496 2322 ἐνεῖναι
510 2280 545 2335 της
559 2278 660 2335 βασιλείας
674 2285 740 2336 τυχεῖν
753 2277 790 2323 τόν
805 2282 848 2324 ὑια-

133 2352 275 2410 πραττόμενον·
298 2355 326 2412 τῷ
347 2350 385 2408 γάρ
406 2348 493 2410 τοιοὺτῳ
512 2348 556 2393 τότε
577 2348 640 2393 ααλόν
661 2349 747 2407 μετέχειν
769 2350 847 2407 αὑτοῖν,

117 2446 118 2450 =
135 2423 212 2470 έπειὺόιν
225 2427 265 2469 τῶν
279 2420 425 2482 ἀμαρτημάτων
438 2421 476 2466 ὑέει
487 2424 527 2466 τοῖν
537 2420 728 2478 νενομοθετημένων
738 2419 849 2481 ἀπόσχηται

135 2493 236 2555 πρότερον,
255 2499 300 2541 Τῶν
310 2495 331 2541 ὑέ
340 2513 362 2553 γε
373 2498 448 2541 λοιπων
459 2493 496 2540 ὅσα
507 2495 624 2552 συμβαίνειν
632 2491 750 2549 ἀνθρωποις
760 2493 847 2554 ἀνάγκη,

135 2566 197 2612 πολλὰ
216 2567 251 2625 μέν
267 2569 300 2613 ααί
319 2566 359 2613 ὑπὸ
374 2572 413 2612 ταῖν
426 2559 570 2625 ααθημεριντόν
585 2564 745 2624 σνμπτωμάτων,
767 2572 848 2613 πλεῖστα

180 2740 366 2784 1.c.cram.p.211.
390 2740 577 2784 s.c·cram.p.21la
603 2747 617 2772 ε’.
629 2741 676 2773 Rom.
689 2740 736 2779 3,‘2.
763 2741 849 2774 aster.

136 2812 151 2844 p.
163 2799 201 2833 216.
233 2806 247 2833 ε.
260 2800 277 2833 (λ
289 2801 342 2836 Cram.
358 2811 374 2844 p.
386 2802 423 2835 218.
447 2811 472 2837 ιτ,
485 2803 528 2838 Cata
546 2795 587 2844 παρ’
601 2796 667 2834 ἑαυτοῦ.
697 2808 722 2833 τε,
735 2800 753 2834 G·
765 2799 820 2835 (Iram.
832 2810 848 2842 p.

135 2861 173 2895 219.
198 2868 222 2892 ιε.
236 2859 252 2893 G.
265 2860 318 2893 Gram*
331 2871 346 2901 p.
358 2860 397 2893 221.
423 2869 446 2893 ει.
460 2862 504 2896 Gat.:
517 2856 583 2905 μετέχει.
