1723 3073
230 124 251 158 IN
264 124 386 160 EPISTOLAM
398 126 426 158 ΑΙ)
438 126 547 162 ROMANOS.
726 124 747 159 77

32 220 59 282 ἀς
73 227 100 274 ἀν
114 228 139 274 ού
154 232 221 290 μισθῷ
235 229 308 286 μετιάν
321 229 358 289 την
373 229 483 290 εὐσέβειαν,
505 231 555 278 ἀλλά
575 229 643 290 ἀγάπη
660 234 686 290 τῇ
703 233 747 289 περὶ

31 301 67 348 τὸν
82 295 171 359 Χριστὸν
184 299 286 347 τοσούτων
301 306 365 349 α’ῖτιον
379 304 475 361 γεγονότα
488 312 530 358 τοῖς
544 304 663 365 ἀνθρώποις
681 306 748 348 πατεῖν

34 373 113 419 άπαντα
127 375 159 419 παὶ
174 381 239 420 ποιεῖν
253 375 286 420 παλ
300 374 383 434 πάσχειν
397 375 526 434 αἱρούμενος·
541 377 623 436 τοιαύτη
636 376 674 435 γάρ
688 373 701 434 ἦ
713 379 748 434 τῆς

35 443 113 503 ἀγάπης
127 445 198 502 φύσις,
214 444 306 502 οὐθαμοῦ
320 451 360 492 τοῖν
374 447 420 492 καθ’
435 448 508 493 ἑαυτὸν
523 453 635 506 φροντίζειν
648 449 685 494 τὸν
700 448 747 506 ἀγα-

33 521 101 562 πῶντα
115 521 213 570 ποιοῦσα,
229 516 279 562 ἀλλά
293 517 358 563 πάντα
372 525 437 563 ποιεῖν
450 521 484 564 παλ
497 517 604 577 ὑπομένειν
622 519 747 580 παραστενά-
766 531 774 559 5

34 595 107 645 ζουσα,
118 587 152 647 ἀφ’
164 583 192 634 ἀν
203 587 228 634 άν
238 587 311 647 ἀφελεῖ
311 592 359 635 σθαῖ
353 609 387 634 ιτι
396 592 465 678 νομῖζη
475 589 511 635 τὸν
499 590 658 650 ιάγαπώμενον.
676 594 747 639 Πάντα

34 662 69 720 μέν
89 656 127 707 ούν
146 661 221 749 μεγάλοι
238 660 263 707 τά
282 661 416 721 προειρημένοι
434 663 468 707 ταὶ
486 661 587 750 πρέποντα
605 682 628 725 τη
648 666 694 722 περι
711 664 747 711 τὸν

36 734 123 793 Χριστὸν
143 734 210 794 ἀγάπη
229 739 266 779 τού
284 738 384 794 ματαρλον
403 732 531 789 Παύλον,’
520 736 570 793 νπέρ
588 737 665 783 άπαντα
683 738 705 783 δέ
724 737 747 783 τὸ

36 807 82 851 ούτε
96 807 125 858 τῖς
134 809 196 858 πτῖσις
206 806 261 864 ἑτέρα
271 813 312 858 τοῖς
321 811 399 857 λοιποῖς
409 805 530 863 ἐπηγμένον·
545 808 611 867 ἐπειδὴ
620 809 658 867 γάρ
669 810 747 855 άπαντα

37 880 145 936 ἐπεξῆλθεν
154 877 179 922 τά
194 877 247 929 ὅπως
262 877 309 921 ποτέ
324 877 373 922 ύντα
386 894 407 921 τε
421 879 454 921 ναὶ
468 877 587 935 φαινόμενα,
603 881 774 936 προστεθειπολςιο

36 952 69 995 παὶ
83 949 119 1002 τάς
134 948 233 1008 άοράτονς
248 948 342 1006 δυνάμεις
356 949 389 993 παὶ
403 948 443 1006 μην
457 951 491 993 παλ
504 948 527 993 τά
539 952 694 1008 προσθοτάμενα
709 952 749 997 έσετ

36 1029 96 1074 σθαι,
117 1027 231 1066 τελευταῖον
249 1019 347 1079 έπηγαγεν
365 1019 388 1064 τύ
403 1020 448 1064 ούτε
462 1023 491 1072 τῖς
505 1023 566 1073 ιιτῖσις
585 1022 649 1078 ἑτέρα,
671 1022 749 1075 δεικνύς

35 1094 66 1139 ὅτι
80 1093 144 1146 ούτοις
159 1093 238 1138 άπαντα
251 1097 315 1137 ταῦτα
329 1092 381 1138 εἶναι
395 1091 505 1153 ἀντλρρῖοπα
518 1097 553 1152 της
563 1095 606 1153 περὶ
616 1092 652 1139 τόν
662 1094 749 1152 Χριστὸν

35 1166 113 1226 ἀγάπης
126 1165 231 1224 νενόμιιιεν
246 1164 349 1223 ούάαμῶς,
376 1164 406 1210 ὅτι
420 1165 459 1211 πάν
474 1169 490 1211 εἰ
505 1166 561 1223 έτερα
576 1166 613 1213 σύν
627 1166 748 1225 τούτοις-γέ-

36 1257 116 1294 νοιντο,
131 1238 154 1283 τὸ
164 1239 226 1297 μηθὲν
241 1236 292 1282 εἶναι
307 1237 358 1283 αύτά
372 1237 423 1296 πρὸς
436 1237 550 1297 παράθεσιν
564 1237 639 1297 ἡγεῖται
653 1243 687 1297 της
702 1239 776 1296 ἀγά-ιε

35 1329 73 1370 πης
88 1313 171 1357 ἐκεῖνον,
530 1306 532 1309 ’

78 1385 119 1438 IX,
135 1389 153 1428 3.
177 1383 244 1442 Ὅρτητ
259 1387 364 1427 πιστοῦται
377 1381 413 1426 τὸν
427 1381 498 1438 λόγον·
517 1379 583 1439 ἐπειδὴ
598 1382 636 1439 γάρ
652 1381 706 1427 εἶπεν
720 1383 750 1427 ὅτι

38 1453 76 1501 ούιι
92 1455 144 1501 ’ἐστιν
159 1453 170 1499 6
186 1443 271 1500 δύναται
285 1452 347 1499 αὐτὸν
362 1455 444 1512 χωρίσαι
458 1458 493 1512 τῆς
508 1451 586 1511 ἀγάπης
599 1456 636 1499 τοῦ
651 1458 750 1511 Χριστοῦ,

37 1526 105 1585 έπάγει
119 1526 150 1572 ὅτι
164 1526 228 1583 μόνον
242 1530 276 1583 της
292 1527 406 1583 σνγγενεῖας
421 1525 484 1570 αὐτού
498 1524 590 1583 ἡττᾶται·
612 1526 656 1583 περὶ
671 1524 751 1571 πάντων

37 1600 58 1645 δέ
73 1604 112 1645 τοῖν
128 1600 147 1653 έξ
160 1597 239 1658 Ἰσραηλ
254 1601 309 1657 φησί
336 1597 410 1651 Ηθέως
429 1592 466 1644 ούν
485 1599 534 1656 φησι
528 1599 580 1643 ιιιαι
595 1602 651 1655 σῶμα
665 1599 698 1643 παὶ
714 1607 751 1653 ψν-
759 1613 778 1641 σε

36 1690 73 1731 χην
88 1673 193 1730 διδωμι,
184 1689 217 1717 ινα
231 1672 260 1716 ἀν
275 1670 420 1724 έιιπεπτάνασι,
435 1675 499 1716 ταῦτα
513 1668 583 1716 πάλιν
591 1669 751 1716 ἀναταλέσιονται

36 1742 178 1803 πιστεύσαντες
197 1746 224 1796 εἰς
242 1743 338 1802 Χριστόν·
360 1761 379 1787 τι
396 1742 434 1801 γάρ
454 1747 494 1789 τῶν
511 1747 578 1787 παλάν
595 1742 632 1788 ούιι
649 1741 752 1788 Ἰονθαλιιν

36 1811 75 1874 ἦν,
92 1814 122 1873 ἐφ’
138 1814 168 1867 οἷς
182 1819 221 1860 νύν
234 1814 259 1859 τά
275 1816 325 1872 έθνη
341 1813 467 1871 σεμνύνεταις
489 1812 575 1871 ηδύξα,
590 1813 602 1872 ἡ
618 1813 705 1872 ἀιαθήτη
719 1816 753 1860 παλ

36 1888 59 1935 τὸ
75 1887 99 1946 δὴ
114 1887 218 1945 μέγιστον,
239 1887 259 1940 ἐξ
274 1886 341 1932 αὐτοῖν
355 1888 389 1932 παλ
403 1884 414 1932 6
430 1885 515 1944 Χριστὸς
529 1886 552 1932 τὸ
566 1886 617 1932 πατά
632 1885 707 1945 σάρτα,
730 1887 753 1940 ύς

37 1961 78 2005 ἐστι
92 1958 142 2011 θεὸς
156 1957 181 2003 ού
196 1957 259 2015 μόνον
274 1957 350 2013 αύτοῖν,
365 1957 415 2003 ἀλλά
425 1957 582 2018 ποινηπάντων·
598 1962 632 2004 ἀνα
642 1954 680 2004 ούν
689 1963 752 2005 ταῦτα
760 1977 779 2005 νε

38 2031 197 2090 ἀναττησωνται,
213 2029 275 2089 ἡδέως
290 2030 327 2089 έγά
341 2029 392 2087 ύπέρ
408 2029 474 2075 αὐτῶν
487 2028 581 2089 ἀνάθεμα
591 2030 693 2090 ἐγενόμην.
725 2031 753 2077 Τὸ

38 2105 59 2150 δέ
74 2102 167 2162 ἀνάθεμα
177 2102 213 2148 τὸν
223 2101 328 2164 ἀλλότριον
339 2106 406 2162 δηλοῖ,
422 2102 488 2162 ἐπειδη
503 2101 525 2148 τὸ
541 2102 639 2150 ἀνατεθὲν
653 2102 690 2149 τοιῖ
704 2103 752 2150 ἀνα-

39 2177 132 2229 τεθέντος
147 2175 257 2236 ἀλλότριον.

83 2309 108 2335 ετ.
121 2300 165 2342 Spin.
184 2300 203 2333 ln
218 2311 232 2334 ο.
249 2301 304 2335 eram.
322 2301 338 2344 ρ.
350 2301 387 2334 16⁶2.
405 2301 485 2335 tribuitur
500 2302 533 2335 hoe
547 2301 606 2344 fragm.
622 2301 706 2340 Diodoro,
723 2301 752 2334 sed

39 2371 99 2429 1116ng
112 2365 136 2394 εει
148 2362 226 2393 lectionis
238 2362 316 2395 varietas.
340 2362 428 2395 Lectiones
441 2362 495 2395 Cram.
508 2365 547 2395 sunt
558 2363 599 2395 hae:
619 2358 719 2429 Ἆναγααηως
729 2360 753 2406 τῷ

38 2417 131 2463 παρέποντι
144 2417 181 2465 (leg.
194 2429 231 2453 cum
242 2420 296 2455 Cram
308 2415 423 2465 πρέποντι)ἀ
434 2432 451 2454 π
463 2433 477 2455 τ
489 2414 546 2463 λόγον
557 2432 642 2464 προειπαιν
650 2431 681 2463 γαρ
690 2432 715 2454 οτι
723 2431 754 2454 ονιι

39 2474 693 2524 εστιτιοδνιησεταιαοτοι19.ὓλ“τμάνος.ἱ1).ύ’.[]τ.;ητταιαι
703 2480 755 2526 φησιν

39 2534 70 2575 σύν
79 2535 104 2575 66
112 2535 153 2582 ὑπὲρ
161 2539 195 2573 τοῖν
203 2536 291 2573 Ιονθαίιον
299 2533 368 2582 ηθεως
360 2533 382 2572 ἀν
390 2552 404 2573 ιι.
413 2540 443 2582 σοῖς
443 2551 482 2573 ιαιι
490 2537 547 2586 ψνηὴν
555 2537 649 2583 προήκατο,
660 2538 688 2573 ἱνα
696 2532 746 2574 ἀν-

40 2609 65 2635 ει.
75 2602 92 2637 C.
101 2600 137 2635 Cr..
145 2611 167 2634 τα
175 2611 219 2634 αντα
227 2601 283 2634 παν
307 2607 332 2634 σε
345 2599 406 2635 oster
416 2596 522 2647 σεμνύναντες
530 2594 684 2670 ηνλοθεσῖη,ηδ,
693 2599 754 2635 αιᾶια·

39 2661 101 2705 θῖγιαι,
114 2673 133 2695 αι
127 2655 244 2704 έπαγγελιαι,
256 2672 267 2705 η
264 2655 352 2704 λατρεία,
362 2671 377 2694 οι
373 2657 471 2704 θεοφιλεῖς
479 2657 571 2703 τατὲρεςιι.
578 2657 598 2695 τὸ
606 2671 667 2704 μεγ,ε
660 2652 700 2703 εξ
686 2673 710 2695 ων
719 2674 727 2697 ο
723 2657 755 2696 X.

40 2720 113 2756 τὸαο·
126 2717 143 2764 εξ
154 2732 211 2755 αντων
221 2717 371 2765 φησινοΧριστος
396 2718 438 2759 Θεος
449 2715 495 2753 δε
475 2731 496 2755 ον
504 2731 561 2763 μονον
569 2732 633 2764 αντων,
646 2717 662 2757 ἀ,
674 2734 722 2769 κοινη
730 2734 756 2756 επι

40 2780 109 2817 πάντων
117 2778 150 2816 ε’στι
146 2779 207 2822 ’θεὸς
215 2779 280 2816 τούτων
288 2780 318 2816 νύν
326 2779 395 2815 πάντων
403 2776 528 2815 ε’τπεπτάαασιν
533 2777 648 2817 Ἰονθαῖοιλ
628 2794 639 2816 α
640 2779 678 2817 λ”λ
669 2795 698 2818 ινα
703 2794 757 2818 ταντα

41 2839 99 2878 ἀναατ,
113 2852 165 2887 φησιν
177 2837 252 2886 ἡδέος
240 2854 263 2875 αν
274 2836 375 2886 ἀνάθεμα
366 2837 407 2884 νπὲρ
423 2836 480 2875 αντοῖν
496 2837 576 2885 ἐγενόμην
591 2838 614 2876 ἀπ
617 2840 626 2877 ὸ
639 2843 669 2878 τού
680 2843 756 2888 Χριστοῦ.

42 2911 66 2937 ει,
79 2903 95 2937 C.
105 2903 134 2937 Cr:
147 2898 186 2937 ἐπεὶ.
211 2909 236 2936 σε.
245 2902 327 2936 Adiicitur
337 2903 353 2936 in
362 2901 379 2936 C.
388 2901 423 2936 Cn:
432 2896 527 2944 ἀναγααῖως
535 2898 553 2936 δέ
561 2895 602 2946 άσην
610 2900 643 2947 έγει
650 2903 687 2947 περὶ
695 2900 757 2940 αύτούς
