1723 3073
235 104 256 137 ιιι
268 103 392 140 αειευοιιιι
403 104 432 138 ιιι
439 104 553 153 μοιιιιαοε.
730 99 750 135 71

35 205 129 265 ρονομία,
144 207 260 264 προείρηται
274 205 345 260 ὀπίσω,
362 208 413 254 ἔνθα
428 207 438 254 6
453 208 512 268 λόγος
525 204 552 269 ἦν
566 209 610 269 περὶ
625 210 671 253 τοῦ·
686 208 703 253 εί
713 205 751 265 γόρ

35 280 54 324 ολ
68 277 89 327 ἐκ
103 277 168 335 νόμον
182 278 314 337 κληρονόμοι,
329 281 434 327 κεκένωται
449 281 461 341 ἡ
476 285 546 336 πίστις.

76 352 133 401 VIII.
150 355 182 396 18.
215 350 242 396 T6
258 354 360 410 λογίζομαι
374 352 418 399 ἀντί
432 358 469 400 τοῦ
484 358 572 416 λογισμῷ
586 357 614 416 τῷ
628 351 753 411 προσήκοντι

35 421 140 479 πέπεισμαι
154 426 214 467 τοῦτο
229 422 293 475 οὐτως
308 424 368 482 ἔχειν,
391 424 418 478 ός
432 425 466 470 τό’
488 426 609 485 λογιζόμεθα
629 420 668 471 οῦν
687 426 752 469 πίστει

35 497 164 550 δικαιοῦσθαι
179 493 291 553 ἀνθρωπον
305 497 364 553 χωρίς
379 497 443 562 ἔργων
456 495 527 554 νόμον,
770 514 778 542 ε

78 568 134 618 Vffl,
151 571 182 612 19.
211 570 338 625 Καραῦοκεῖν
352 568 429 626 λέγεται
442 568 465 613 τό
481 568 572 624 ἐλπίζειν,
591 568 752 627 ἀποκαραδοκεῖν

36 636 57 682 δὲ
76 636 99 681 τό
118 636 241 693 ἀπελπίζεινΙ
265 638 277 683 6
295 642 364 684 τοίνυν
382 640 432 697 λε’γει
453 638 546 684 τοιοῦτόν
561 640 618 686 ἐστιν.
643 640 680 685 Ἓν
695 644 752 697 σαῖμα

37 708 74 768 την
88 708 195 768 σύμπασαν
209 713 272 756 κτίσιν
288 712 379 770 ἐποίησεν
394 709 404 756 6
420 710 476 768 θεός,
492 711 541 757 όθεν
550 715 583 757 καί
592 712 666 771 κόσμος
675 712 752 770 λε’γεται

36 780 114 833 πάντα,
131 785 169 826 εῖτε
183 782 257 840 όρατό,
280 786 318 828 είτε
333 783 418 841 ἀόρατα,
441 781 468 836 ῦς
486 785 507 828 όν
520 788 544 843 τη
559 782 612 841 πρός
626 787 752 843 Κορινθίους

38 854 131 913 ἐπιστολῇ
146 867 219 912 φησιν,
242 854 273 900 ότι
287 854 375 912 θέατρον
390 854 512 914 ἐγενήθημεν
526 860 554 917 τῷ
568 855 635 918 κόσμῳ
649 858 682 901 καί
697 855 778 914 ἀγγί-ςια

38 931 79 978 λοις
92 927 124 970 καί
141 925 269 984 ἀνθρώποις·
292 928 359 986 ἐπειδὴ
377 931 446 973 τοίνυν
465 927 554 986 διαφορόι
567 931 596 980 τίς
611 930 663 972 ἐστιν
678 930 699 973 ἐν
716 928 752 973 αὐ-

37 1002 88 1050 τοῖς,
108 997 131 1042 τό
148 997 173 1043 τό
187 999 224 1057 μὲν
239 998 290 1044 εἶναι
307 997 380 1059 ῖρατοῖ,
402 999 426 1045 τό
442 1000 463 1045 δὲ
480 998 566 1059 ἀόρατα,
587 1000 708 1059 βουλόμενος
726 1002 753 1052 είς

37 1071 62 1115 ἓν,
74 1069 98 1114 τά
112 1069 178 1115 πόντα
193 1075 307 1129 συνῆφθαι,
329 1074 423 1130 πεποίηκε
442 1072 478 1117 τόν
497 1072 618 1131 ἀνθρωπυν,
640 1073 659 1126 ἐξ
678 1071 753 1131 ὁρατοῦ

38 1141 74 1200 μὲν
96 1143 226 1200 συγκείμενον
246 1148 283 1188 τοῦ
304 1142 394 1202 σώματος
414 1145 446 1189 καί
466 1148 575 1202 συγγενοῦς
595 1148 619 1204 τῇ
640 1143 752 1203 φαινομένη
809 1167 811 1169 >

38 1216 108 1266 κτίσει,
125 1215 145 1260 ἐκ
159 1219 195 1273 γῆς
209 1216 248 1273 γάρ
263 1214 364 1274 σῦγκειται
378 1218 411 1262 καλ
425 1215 483 1275 ἀέρος
497 1218 531 1262 καί
544 1216 618 1269 όόατος
631 1218 665 1261 καί
678 1215 751 1272 πυρός,
761 1233 779 1260 ιε

39 1285 129 1344 ἀυρότον
144 1287 165 1332 66
178 1290 213 1344 τῆς
227 1291 292 1344 ψυχῆς
306 1289 339 1333 καί
354 1290 427 1340 οίκείας
441 1295 482 1341 τοῖς
500 1287 603 1346 ἀυράτοις·
625 1289 659 1333 καῖ
678 1287 702 1345 δὴ
721 1304 753 1332 πε-

38 1360 120 1416 ποίηκεν
134 1357 197 1404 αὐτόν
212 1359 277 1416 ιόσπίρ
297 1378 314 1405 τι
330 1362 398 1418 φιλίας
416 1359 510 1418 ἐνέχυρον
530 1365 571 1412 τοῖς
590 1363 648 1404 πᾶσι·
668 1358 754 1417 χρήσιμα

38 1430 75 1488 μἐν
89 1429 128 1490 γάρ
143 1429 197 1493 αὐτῷ
212 1430 236 1476 τά
251 1429 372 1490 φαινόμενα,
395 1429 422 1484 νίς
437 1430 489 1491 αὐτῇ
503 1435 527 1490 τῇ
542 1434 599 1493 πείρμ
614 1429 754 1489 μανθάνομεν,

40 1504 133 1562 ἐφεστᾶσι
147 1503 168 1549 δὲ
184 1502 252 1557 αὐτοῖς
267 1506 288 1549 αῖ
302 1505 371 1563 νοηταῖ
386 1503 468 1562 φῦσεις,
489 1503 540 1563 πρός
554 1504 577 1549 τό
591 1502 639 1561 ἡμῖν
654 1503 756 1561 ὠφέλιμον

39 1574 91 1620 αὐτόν
100 1579 201 1620 κινοῦσαι·
217 1577 249 1620 καί
259 1574 333 1620 τοῦτον
347 1574 424 1633 μάρτυς
439 1574 449 1620 6
465 1574 577 1627 ἀπόστολος
591 1576 634 1633 περί
649 1578 684 1632 της
699 1575 782 1619 ἀναν-ιιι

38 1648 82 1700 πίας
103 1645 166 1704 λέγων
184 1645 301 1704 δυνάμεως·
323 1646 374 1692 κατόι
392 1646 429 1693 τόν
449 1646 536 1706 ἀρχοντα
555 1651 590 1706 της
610 1647 700 1701 ἐξουσίας
720 1650 757 1692 τοῦ

40 1718 98 1778 ἀέρος
112 1723 149 1763 τοῦ
163 1718 285 1776 πνεύματος,
307 1724 344 1764 τοῦ
358 1724 398 1765 νῦν
415 1721 546 1778 ἐνεργοῦντος
566 1721 588 1764 ἐν
601 1725 643 1771 τοῖς
657 1722 709 1771 υίοῖς
722 1723 757 1776 της

40 1790 154 1849 ἀπειθείας,
176 1789 202 1844 οῖς
218 1790 269 1837 εῖναι
284 1794 345 1850 δῆλον
359 1790 416 1850 ἡμῖν,
438 1791 468 1837 ότι
482 1790 521 1850 πρό
536 1796 571 1850 τῆς
585 1790 717 1850 παραβάσεως
731 1793 758 1844 εἰς

39 1863 88 1917 τοῦς
107 1864 218 1921 ἐφεστῶτας
237 1868 262 1923 τῇ
281 1868 318 1909 τοῦ
337 1862 395 1922 ἀέρος
413 1863 489 1923 κινησει
509 1862 520 1910 6
539 1863 633 1923 όιάβολος
650 1864 757 1910 συνετέλει·

40 1937 73 1980 καὶ
88 1935 127 1993 μὴν
142 1937 176 1979 καί
189 1942 231 1987 τοῖς
245 1935 296 1993 πρός
310 1939 442 1980 διδασκαλίαν
456 1940 491 1993 της
505 1935 605 1994 εὐσεβείας
620 1940 647 1989 είς
661 1935 786 1995 ἡμετέρανλῐι

42 2008 141 2066 ἀφέλειαν
159 1999 302 2065 ὑπηρετεῖσθαι
321 2007 408 2065 σῦνηθες
423 2007 501 2060 αὐτοῖς,
524 2008 551 2061 οῖς
570 2008 580 2054 6
596 2008 707 2061 ἀπόστολός
721 2027 760 2066 φη-

42 2092 86 2125 σιν·
102 2078 145 2137 οὐχὶ
160 2077 232 2131 πόντες
247 2080 282 2124 είσῖ
293 2079 417 2137 λειτουργικόι
428 2079 541 2138 πνεῦματα,
557 2083 584 2133 είς
595 2084 700 2126 διακονίαν
710 2079 759 2125 ἀπο-

41 2151 162 2210 στελλόμενα
177 2150 210 2197 όιά
224 2151 273 2205 τούς
287 2151 395 2210 μέλλοντας
409 2157 541 2212 κληρονομεῖν
556 2155 665 2213 σωτηρίους
682 2152 759 2199 Ἐντεῦ-

41 2231 79 2271 θεν
93 2227 163 2270 τοίνυν
178 2227 199 2269 αί
207 2223 296 2283 ’ἀόρατοι
311 2224 382 2283 φῦσεις
396 2228 424 2278 είς
439 2228 501 2271 οίκεῖα
515 2228 605 2271 τίθενται
615 2225 639 2271 τά
648 2225 695 2271 καθ’
709 2224 759 2283 ἡμᾶς

43 2296 211 2357 εὐφραινόμενοι,
227 2301 244 2342 εί
258 2296 282 2356 δη
297 2307 345 2343 ποτε
359 2298 410 2357 πρός
424 2298 447 2343 τό
462 2306 551 2357 κρεῖττον
564 2299 630 2358 ρ’όπειν
644 2297 695 2356 ἡμεῖς
706 2310 786 2356 συμ-ευ

42 2372 115 2427 βαίνει·
129 2370 232 2415 καὶτοῦτο
245 2368 296 2428 ἡμᾶς
307 2369 318 2415 6
330 2370 401 2429 καίριος
416 2370 504 2417 θιόιίσκει
518 2371 591 2428 λέγων,
607 2372 638 2415 ἐπί
653 2371 681 2415 ἑνί
696 2369 760 2429 ἀμαρ-

42 2446 99 2504 τωληῖ
113 2446 246 2500 μετανοοῦντι
260 2445 292 2488 καί
308 2442 404 2501 ἀγγέλους
419 2446 493 2503 χαίρειν
508 2444 529 2489 ἐν
544 2444 647 2500 οὐρανοῖς
662 2446 724 2501 δῆλον
739 2444 760 2490 δὲ

43 2513 74 2559 ότι
92 2515 125 2559 καὶ
143 2513 209 2572 λῦπην
228 2514 298 2568 αῦπαῖς
318 2519 410 2571 προξενεῖ
428 2515 452 2560 τό
472 2513 519 2560 καθ’
540 2513 590 2573 ἡμᾶς
608 2516 638 2559 ἐπὶ
656 2515 679 2560 τό
694 2523 761 2576 χεῖρον

89 2636 174 2677 ν.ό,1[ι.
199 2639 441 2683 α,8μίο.,σ,θειιιι.ρ.133.
464 2639 487 2672 ih.
499 2639 518 2673 V.
529 2638 553 2686 τῷ
565 2649 596 2672 om.
609 2639 655 2682 Spic.
682 2641 761 2680 σ.3,28.

45 2705 59 2731 ε.
72 2699 127 2740 θρῖα,
145 2707 159 2729 υ.
174 2698 229 2731 Uram.
245 2711 262 2742 p.
278 2700 315 2733 135.
346 2708 361 2733 τ.
374 2700 391 2731 V.
405 2695 423 2731 δὲ
435 2710 467 2733 om.
485 2710 499 2733 ο.
516 2700 570 2734 Cram.
602 2708 626 2732 ιι.
640 2701 649 2732 1
663 2701 701 2735 Cor.
713 2702 734 2740 ό,
746 2701 761 2734 9.

46 2765 73 2793 ιε,
86 2759 104 2791 V.
113 2755 141 2791 καί
149 2755 213 2796 οἰκείας
221 2770 234 2791 τ.
244 2754 325 2802 ἀοράτως
333 2769 365 2792 om.
374 2759 390 2791 in
399 2759 443 2800 Spic.
468 2767 493 2793 ετ.
506 2761 547 2802 Ερλι,
559 2760 578 2798 2,
591 2762 607 2794 λ.
632 2767 656 2794 νε,
669 2761 686 2797 C,
699 2763 761 2796 eram:

45 2815 80 2851 τόν.
93 2813 146 2852 αὐτοῦ
159 2812 182 2857 οῖς
194 2815 223 2850 καὶ
235 2814 265 2852 ἀπ.
290 2818 446 2859 νι.Ηε1ιι·.1,1ί.
470 2826 495 2853 τε.
508 2820 527 2855 V.
540 2817 599 2853 αλοια.
608 2830 622 2854 ο.
632 2820 686 2855 eram.
711 2819 761 2854 ιον.

45 2889 85 2914 ποτε
97 2889 129 2914 om.
142 2889 156 2913 ο.
169 2880 224 2914 Cram.
248 2887 273 2914 ιτ.
285 2882 325 2915 Luc.
337 2880 367 2923 15,
381 2881 406 2916 10.
419 2880 434 2914 7Δ
