1773 3073
119 89 151 128 132
339 88 451 123 THEODORI
463 90 614 126 MOPSVESTENI

120 199 229 256 ωρισμένον
252 191 286 252 ἦν,
314 201 373 239 τοῦτο
395 196 443 252 μετὰ
464 202 539 255 πολλῆς
565 201 638 255 σοφίας
662 198 696 241 καί
720 197 837 255 φρονήσεως

121 269 225 330 ἐγνώρισεν
235 264 291 324 ἡμῖν,
307 268 341 312 ίνα
351 270 404 326 είπη,
419 265 448 312 ἐπ’
459 266 526 314 αιίτών
537 267 597 324 ἐδειξε
606 273 647 314 τών
656 266 788 328 πραγμάτων
804 268 837 314 διδ

120 346 139 388 τί
153 342 173 387 δὲ
186 343 233 391 νῦν,Ι
249 341 276 391 είς
291 341 407 397 οἰκονομίαν
421 344 457 385 τοῦ
471 339 605 398 πληρώματος
617 345 657 386 τών
669 344 753 398 καιρῶν,
762 340 837 398 ,ἐπειδὴ

120 411 169 459 κατὰ
183 410 239 465 τώξιν
253 409 319 455 πώνια
335 414 486 469 οἰκονομεῖσθαι
502 413 547 458 ἐδει.

105 507 113 534 ,5
155 484 203 529 Ὅτε
219 478 256 528 οιίν
271 482 417 542 ἐπληρώθησαν
435 487 454 529 οἰ
474 487 540 544 καιροί
557 489 598 530 τών
617 489 703 540 λοιπών,
725 483 769 530 τότε
787 484 838 529 κατοί

119 557 156 615 τὴν
171 555 251 601 ίίνωθεν
264 555 436 614 οἰκονομουμένην
450 555 506 611 τώξιν
521 558 552 603 ἐπὶ
566 561 607 602 τών
622 559 700 602 οἰκείων
715 559 791 614 καιρών
805 557 838 601 καί

119 629 143 675 τοί
157 629 203 686 περὶ
216 626 253 673 τὸν
268 628 356 688 Χριστόν
371 630 456 688 ἐδείχθη,

161 704 178 750 1,
196 705 227 744 13,
260 704 292 760 Τοβ
306 700 345 756 γὰρ
360 700 414 761 αὐτῷ
430 690 454 758 δίη
468 701 536 763 τρόπῳ
551 702 608 758 φησὶ,
623 704 664 745 τών
673 704 710 744 τοῦ
720 699 838 757 εὐαγγελίου

121 770 214 831 ῥημοίτων
233 770 365 826 οίκοόσαντες,
386 778 431 832 τητε
450 776 515 820 πίστει
533 774 696 832 προσεληλύθατε
713 774 744 817 καὶ
763 777 787 832 τῇ
802 776 839 818 τοῦ

96 844 234 901 ιιπνεώματος
248 847 343 904 μετονσίη
357 845 394 902 την
409 843 515 902 βεβαίωσιν
529 845 633 898 ἐδέξασθε·
653 849 713 890 τοῦτο
730 843 769 900 γοίρ
788 844 839 901 λέγει

121 916 143 961 εδ
159 917 312 975 ἐσφραγίσθητε.
343 919 476 974 Προσεγίνετο
491 917 512 962 δὲ
528 915 596 968 αιίτοίς
611 915 644 960 διώ
658 921 692 975 τῆς
704 920 741 959 τοιί
751 914 839 973 πνεύμα-

121 1006 155 1040 τος
168 987 248 1046 χάριτος
263 986 275 1045 ἡ
290 990 395 1046 βεβαίωσις
409 993 449 1033 τών
464 987 635 1033 οἰκολονθοόντων
650 986 676 1040 ώς
691 986 743 1039 εἰκός
759 987 839 1044 θαυμαί-

121 1078 170 1115 των,
192 1059 287 1117 μειζόνως
307 1063 334 1112 εἰς
353 1060 390 1118 τὴν
407 1062 473 1105 πίστιν
493 1061 610 1117 ἐπίσφτγγον
630 1058 713 1111 αὐτούς·
734 1064 799 1112 καλώς
818 1059 839 1104 δὲ
864 1081 865 1084 “

123 1131 172 1178 αιίτδ
186 1136 265 1189 πνεῦμα
279 1136 314 1190 της
329 1133 445 1190 ἐπαγγελίας
460 1132 559 1188 ἐκώλεσεν,
576 1131 642 1190 ἐπειδὴ
657 1131 723 1177 πώννα
737 1130 762 1176 τοί
779 1142 840 1190 προσ-

38 1214 41 1221 ’
98 1203 226 1261 ιιδοκώμενα
245 1202 314 1257 αὐτοῖς
334 1205 365 1249 ἐπὶ
384 1209 420 1249 τοῦ
440 1204 547 1262 μέλλοντος
562 1207 634 1257 αἰώνος
649 1203 756 1262 προσέσται
771 1202 840 1262 οἰγαθοί

123 1266 150 1337 τῇ
161 1282 197 1322 τοῦ
212 1276 324 1335 πνεύματος
338 1280 439 1339 μετονσίγ.

166 1353 184 1405 Ι,
200 1355 232 1396 λλ,
261 1353 404 1409 Κληρονομίαν
423 1354 463 1396 τών
481 1349 524 1395 τότε
542 1354 598 1394 καλεί
610 1349 647 1408 την
662 1347 783 1404 οἰκόλανσιν,
807 1348 840 1393 ἰίιε

125 1422 149 1478 δὴ
165 1425 248 1479 βεβαίως
263 1422 331 1474 αιίτοίς
346 1424 468 1478 διδομένων,
491 1421 600 1481 οἰρίρλαβώνα
619 1423 640 1465 δέ
656 1427 692 1479 της
708 1424 842 1478 κληρονομίας

125 1492 162 1550 τὴν
176 1493 264 1546 ἐνταῦθα
279 1492 336 1538 δόσιν
350 1497 386 1538 τοιί
401 1492 524 1550 πνεόματος,
545 1491 612 1550 ἐπειδὴ
629 1491 665 1544 τοίς
682 1494 726 1549 κερί
743 1496 783 1537 τών
798 1497 843 1550 μελ-

100 1564 203 1613 εολόντων
224 1566 340 1621 ἐπαγγελίας
359 1564 461 1623 δεχόμενοι
478 1567 510 1609 καί
530 1564 567 1622 τὴν
583 1567 660 1609 τελείαν
676 1568 713 1609 τοῦ
731 1563 844 1621 πνεόματος

127 1639 277 1695 προσδοκῶντες
296 1636 411 1693 μετάδοσιν,
434 1639 527 1696 βραχείαν
546 1636 604 1691 τινδι,
627 1636 692 1694 ώσπερ
715 1631 752 1681 οἰν
774 1634 843 1686 εἰπον,

128 1708 220 1765 οἰπαρχην
234 1711 270 1752 τοώ
285 1707 386 1766 παρόντος
401 1708 519 1765 ἐλάμβανον,

172 1777 276 1837 Θεόδωρός
298 1791 360 1837 φησιν
385 1778 524 1836 οἰπολώτρωσιν
545 1778 688 1837 περιποιήσεως
710 1778 733 1823 τό
756 1778 789 1824 διοί
810 1783 846 1836 τῆς

130 1850 255 1903 οἰναστώσεως
269 1852 301 1895 καὶ
315 1855 350 1909 τῆς
365 1850 477 1904 ιίθανασίας
492 1856 531 1896 τών
547 1851 640 1896 ἐντεῦθεν
659 1850 846 1908 ιίπαλλαττομένονς

104 1927 196 1973 ιικακών
210 1922 246 1981 τὴν
260 1922 310 1981 πρός
325 1922 388 1968 αιίτόν
403 1926 501 1968 οἰκείωσιν
515 1922 634 1981 λαμβώνειν,
657 1921 691 1981 ἐφ’
707 1917 735 1967 ών
749 1927 784 1981 τῆς
798 1920 843 1981 παρ’

130 1994 193 2042 αὐτοῦ
208 1993 336 2052 μετώσηονιες
351 1994 418 2053 δόξης,
434 1994 514 2049 εἰκότως
528 1994 648 2052 θαυμαστόν
659 1997 735 2041 ἐκεῖνον
749 1995 847 2041 ἐνδείκνυ-

130 2085 177 2126 μεν,
192 2067 228 2112 τδν
242 2066 344 2112 τοσούτων
359 2071 423 2113 αἰτιον
437 2066 485 2126 ἡμῖν
499 2072 539 2113 τῶν
554 2065 638 2124 οἰγαθών
658 2066 766 2125 γεγονότα·
786 2071 847 2111 τοῦτο

130 2140 168 2199 γίιρ
183 2140 235 2197 λέγει
249 2137 271 2183 τό
287 2141 314 2191 εἰς
329 2139 412 2184 ἐπαινον
426 2143 461 2197 τῆς
475 2139 534 2197 δόξης
549 2138 618 2183 αὐτοῦ.

172 2217 190 2268 Ι,
208 2219 237 2256 λλ.
256 2217 287 2256 18.
322 2216 386 2256 Τοῦτο
404 2214 452 2255 αἰτώ
469 2224 539 2269 φησιν,
561 2209 588 2263 ώς
606 2209 631 2255 ίίν
648 2213 783 2269 παρασηεθείη
800 2210 850 2269 όμίν

106 2284 185 2340 ιοπαροί
199 2287 236 2329 τοῦ
251 2287 302 2328 θεοῦ
316 2282 429 2342 πνεύματος
443 2282 511 2342 χώρις,
534 2286 560 2335 εἰς
574 2282 597 2328 τό
613 2285 685 2341 σοφίας
699 2283 720 2328 τέ
734 2282 787 2341 ώμοίς
801 2288 849 2340 πλη-

133 2361 224 2415 ρωθῆναι
238 2358 270 2401 καί
286 2356 410 2415 ἐπιγνώσεως
424 2361 461 2402 τοῦ
476 2361 527 2402 θεοῦ
542 2356 662 2414 δεξαμένους
676 2360 716 2402 τών
731 2355 851 2416 ιίπορίβήτων

133 2429 169 2485 τίην
184 2428 319 2482 οἰποκοίλνψιν,
336 2429 384 2472 ώστε
398 2429 435 2486 την
450 2427 543 2472 διοίνοιαν
557 2426 614 2483 ὑμῶν
630 2427 696 2484 φωτὸς
709 2429 767 2484 δίκην
777 2433 801 2486 τῇ
811 2427 851 2471 οἰπδ

134 2503 170 2544 τοῦ
184 2499 297 2557 πνεύματος
310 2498 477 2558 καταλώμπεσθαι
491 2498 570 2558 γνώσεν
586 2500 640 2551 τίνος
656 2498 730 2550 ἐνεκενι
748 2500 775 2551 εἰς
789 2497 812 2543 τό
827 2499 851 2543 εἰ-

182 2630 194 2655 ε.
204 2624 249 2656 Haee
254 2624 344 2659 intervallo
351 2636 359 2658 ε
365 2625 505 2668 praecedentibus
513 2624 588 2659 seiuncta
595 2625 639 2656 sunt.
651 2622 736 2656 Theodori
742 2622 814 2657 fortasse
820 2631 853 2656 non

137 2685 181 2715 sunt.
207 2691 220 2714 ε.
233 2684 250 2717 β,
263 2684 288 2716 Cr.
301 2687 362 2727 μλλῖ.
377 2684 397 2717 Θ,
410 2694 460 2728 φησι·
485 2694 510 2717 15.
524 2686 540 2718 C.
551 2679 699 2725 βτιιιροσὲσθαι,
724 2691 749 2716 17.
761 2685 854 2716 Hoeseho·

136 2742 180 2782 lion,
193 2742 236 2784 quod
248 2745 350 2783 praecedens
362 2745 379 2776 in
392 2749 423 2777 eet.
436 2747 507 2787 excipit,
526 2744 581 2778 eidem
594 2743 674 2784 scriptori
685 2743 795 2775 tribuendum
808 2744 855 2776 vide-

137 2806 169 2835 tur*
198 2800 369 2844 2³⁴C.Cr.p.12¹2.
398 2799 575 2839 25,C.Cr.:av‘zbv.
606 2809 630 2835 κε.
644 2803 661 2837 C.
675 2802 702 2836 Ge
716 2813 732 2845 p.
745 2804 782 2838 12⁸.
803 2802 823 2837 Θ.
836 2799 855 2836 δέ

137 2871 188 2907 φησιν
201 2860 223 2900 εἰς
234 2858 252 2895 τὸ
265 2859 301 2906 δώη
312 2858 351 2905 όμίν
363 2863 429 2906 πνεῦμα
441 2865 503 2908 σοφίας
515 2863 543 2899 καὶ
555 2860 679 2907 ώποκαλώφεως
691 2862 719 2897 καί
732 2863 753 2897 τὰ
766 2861 812 2908 ἑξῆς
