1723 3073
246 96 268 130 ΙΝ
281 95 403 130 ΕΡΙΞΤΟλΑΜ
415 95 444 128 al}
456 95 565 131 ROMANOS.
744 91 766 126 63
804 119 806 121 .

49 197 113 256 νέμον
128 198 271 258 τυγχάνοντος,
287 201 334 260 πρὶν
350 199 362 259 ῆ
377 199 472 255 δέξασθαι
481 200 536 259 παρά
550 203 587 245 τοῦ
602 203 655 246 θεοῦ
668 202 703 257 τῆς
718 197 765 244 άκο-

48 275 84 328 χῆς
98 275 135 316 τοῦ
149 274 216 328 ιμντοῦ
230 271 253 316 τδ
269 272 376 330 ἐπίταγμα·
397 276 458 330 δῆλον
472 273 511 330 γάρ
526 271 553 324 τίς
568 272 645 329 ἐγένετο
660 270 765 330 πρότερον,

49 340 90 388 εἶτα
104 342 142 401 τῆν
156 341 239 399 ε’ντολῆν
255 343 333 397 ἐδέξατο
347 344 438 402 ὕστερον.
462 344 525 390 Ὅθεν
538 343 618 401 ε’πάγει·
635 341 736 400 έλθοῦσης
745 341 766 387 δέ

48 419 83 472 τῆς
98 415 189 473 ἐντολῆς,
208 412 220 472 ῆ
236 412 322 472 άμαρτία
337 414 441 475 ἀνέζησεν,
458 415 495 473 έγιδ
510 416 532 461 δέ
546 415 670 462 άπέθανυν’-
685 416 719 460 καί
734 412 766 459 εῦ-

48 485 99 544 ρέθη
112 483 174 543 μοιῆ
189 485 259 545 έντολῆ
275 484 286 545 ῆ
301 489 329 539 είς
343 487 404 546 ζαῆν,
420 487 471 545 αῦτη
486 489 513 539 είς
527 486 625 534 θάνατον.
654 486 733 545 Ἐπειδῆ
744 485 766 531 δέ
784 506 791 532 ⁵
831 505 833 510 ’

49 570 121 617 φησιν,
137 557 148 604 ὁ
163 558 211 612 θεὸς
225 558 261 605 τδν
275 561 319 619 περὶ
334 565 371 605 τοῦ
386 564 451 619 φυτοῦ
466 560 538 622 δέδωκε
550 559 613 618 νόμον
623 562 655 607 καί
666 561 765 618 διάκρισις

49 631 125 687 ἐγένετο
140 630 177 676 δῦο
192 631 325 689 πραγμάτων,
340 631 353 690 ῆ
368 632 404 689 μέν
414 630 501 689 άμαρτία
510 634 639 689 παρείσδυσιν
649 634 710 691 έσχεν,
726 632 764 690 έγοῦ

49 703 70 748 δὲ
88 702 184 748 τάναντία
201 703 286 762 ποιῆσας
305 710 346 755 τοῖς
364 707 392 763 τῆ
410 707 452 763 θεῷ
471 703 595 759 δεδογμένοις
612 703 695 765 θανάτῳ
709 721 765 749 κατε-

48 776 133 832 κρίθην,
154 775 223 832 γέγονέ
244 793 265 819 τε
284 774 333 833 ῆμίν
353 773 424 819 λοιπὸν
443 773 535 818 θανάτου
554 775 670 832 παρεκτικῦς
685 774 695 820 δ
710 774 764 833 παρά

49 850 86 891 τοῦ
101 850 152 891 θεοῦ
167 847 231 898 τεθείς
245 843 308 904 νῦμος
323 847 354 891 έπί
368 850 396 907 τῷ
411 849 467 904 ζῆσαι
482 846 599 898 πεισθέντας
609 846 668 909 αὐτῷ.
685 846 764 905 ’Ὃγάρ
773 844 791 899 ια

16 970 18 977 ρ
49 918 193 976 τοιμακάριος
208 922 291 971 Παῦλος
306 918 391 976 έλῆλνθε
405 918 442 975 μέν
457 919 487 963 έπί
496 917 581 970 τούτους
595 918 634 964 άπδ
648 923 685 964 τοῦ
699 919 765 976 νόμον

50 989 98 1043 τοῦς
112 989 195 1048 λόγους,
211 993 273 1046 δεῖξαι
288 989 410 1049 βουλόμενος
425 987 452 1042 άς
467 988 491 1035 οῦ
506 993 585 1047 φαῦλον
600 990 662 1036 αὐτὸν
676 989 764 1049 ἡγεῖται·

50 1067 122 1115 κοινῶς
142 1063 164 1107 δέ
183 1061 254 1107 λοιπὸν
271 1063 315 1121 περὶ
330 1067 364 1120 τῆς
378 1061 493 1119 τοῦνόμου
508 1060 587 1119 φάσεως
601 1062 720 1120 διαλέγεται,
742 1061 765 1106 τδ

51 1139 143 1194 χρειῦδες
158 1133 221 1180 αὐτοῦ
236 1137 268 1180 καὶ
283 1134 384 1193 ω’φέλιμον
399 1133 507 1189 διδάσκων,
523 1133 573 1179 ὅθεν
585 1136 618 1179 καί
627 1138 662 1193 τῆς
670 1134 721 1193 πρὸς
730 1133 766 1180 τὸν

49 1206 111 1264 Ἀδάμ
132 1206 228 1264 μέμνηται
248 1207 339 1263 ἐντολῆς,
359 1205 426 1263 ἐπειδὴ
445 1204 494 1263 άρχῆ
515 1203 580 1261 νόμον
593 1211 635 1256 τοῖς
650 1205 792 1262 άνθραίποιςςς
821 1205 823 1208 ”

51 1279 126 1330 ἐκεῖνος
141 1278 231 1334 ἐγένετο·
246 1280 279 1322 καί
294 1278 411 1334 συμπλέκων
426 1275 529 1334 άμφάτερα
544 1275 623 1333 ἐπάγει·
641 1276 690 1321 άίστε
705 1275 716 1322 δ
730 1277 766 1333 μέν

50 1349 113 1408 νάμος
134 1349 191 1408 άγιος
211 1350 245 1395 καί
265 1348 277 1408 ῆ
300 1348 369 1408 έντολῆ
389 1347 435 1407 άγίκ
453 1350 485 1394 καί
501 1351 615 1395 δικαίακαὶ
629 1347 710 1406 άγαθῆ,
733 1351 767 1394 ίνα

51 1426 107 1482 ε’ίπη,
123 1420 271 1479 ὅτιάμηνάτερα
285 1424 355 1469 τοίνυν
373 1421 425 1478 άγαν
439 1420 535 1479 οίιμέλιμα.
565 1425 637 1473 Καλῶς
652 1421 673 1466 δέ
688 1421 718 1465 έκί
733 1424 768 1478 τῆς

52 1497 132 1552 ἐντολῆς
146 1496 234 1539 πλείοσιν
249 1495 345 1552 έχρῆσατο
359 1500 401 1545 τοῖς
416 1494 516 1544 ἐπαίνοις,
532 1491 565 1546 άτε
580 1492 605 1550 δῆ
621 1494 653 1538 καί
667 1496 703 1551 τῆς
712 1492 768 1538 δόσε-

52 1585 79 1619 ως
101 1565 138 1611 οῦκ
160 1564 189 1610 ἐπ’
212 1564 328 1623 άναγκαίοις
344 1565 395 1610 κατά
413 1564 436 1609 τὸ
450 1563 557 1623 πρόχειρον
573 1563 657 1622 δοξάσης
672 1563 794 1615 δεδόσθαιςμ

51 1640 84 1685 καί
105 1637 336 1696 θανάτονπαρεκτικῆς
354 1635 416 1682 άπάσι
436 1636 553 1693 γενομένης
576 1634 654 1681 ἐκάλεσε
669 1636 690 1681 δέ
705 1634 769 1693 αῦτῆν
812 1653 814 1664 ι

52 1709 112 1767 άγίαν
129 1709 165 1766 μέν
184 1707 211 1761 ιῦς
225 1708 260 1761 τάς
274 1708 369 1766 άιγορμάς
383 1708 510 1765 παρέχουσαν
524 1712 559 1764 τῆς
573 1724 593 1751 τε
607 1712 644 1752 τοῦ
658 1712 721 1753 καλοῦ
736 1709 768 1752 καὶ

40 1786 87 1827 ’τοῦ
107 1785 171 1826 κακοῦ
191 1784 307 1838 διακρίσεως
321 1782 353 1826 καί
368 1780 390 1825 τδ
405 1786 494 1839 κρεῖττον
509 1778 548 1825 άτδ
563 1782 600 1824 τοῦ
614 1782 704 1839 χείρονος
719 1779 768 1838 άιμο-

51 1856 155 1911 ρίζουσαν,
179 1855 258 1898 δικαίαν
277 1852 298 1898 δέ
316 1851 343 1905 τίς
361 1851 473 1909 άναγκαίως
492 1851 540 1909 μετά
554 1851 577 1896 τά
592 1854 655 1906 δείξαι
668 1851 691 1897 τδ
706 1851 769 1897 καλὸν

52 1925 167 1983 ἐπάγουσαν
186 1928 214 1986 τῷ
232 1923 338 1983 παραβάτης
352 1923 390 1982 τῆν
403 1926 510 1982 τιμωρίαν,
533 1922 584 1969 άλλά
598 1925 631 1969 καί
646 1923 728 1983 άγαθῆν
742 1922 795 1977 οίςατ

51 2002 117 2044 καλῦυ
134 1995 263 2055 παρεκτιαῆυ,
282 1995 305 2041 τά
323 2012 343 2041 τε
360 1996 453 2055 παρέχειν
467 1995 505 2054 τῆν
519 1995 628 2053 διάγνωσιν
642 1998 676 2042 καί
689 1996 712 2043 τδ
727 1999 768 2055 μεί-

53 2077 101 2126 ζονα
115 2069 244 2128 πειθομένοις
257 2068 399 2128 ὑπισχνεῖσθαι
413 2069 470 2114 καλά.

93 2145 139 2195 Vll,
156 2147 187 2187 λλ.
219 2141 247 2187 Τδ
262 2142 395 2200 πνευματικὸς
410 2141 453 2187 άντί
468 2146 505 2187 τοῦ
520 2140 604 2200 ὠφελεῖν
618 2144 652 2187 καί
665 2141 768 2188 παιδεύειν

52 2215 65 2259 ά
80 2219 110 2260 δεῖ
124 2213 236 2270 δυνάμενος
250 2214 287 2271 τῆν
301 2214 378 2271 ψυχῆν,
398 2213 420 2257 τῦ
436 2214 458 2258 δέ
473 2213 567 2270 σαρκικδς
576 2213 625 2258 ’άντί
639 2219 676 2258 τοῦ
693 2213 768 2271 θνητάς

51 2289 84 2332 καί
99 2286 132 2332 διά
146 2289 206 2330 τοῦτο
221 2285 297 2342 πολλὴν
312 2285 393 2342 περὶτὰ
408 2284 530 2343 άμαρτάνειυ
546 2287 595 2342 έχων
613 2285 686 2342 ῥοπῆν
706 2289 767 2330 τοῦτο
777 2307 796 2335 αα

96 2454 110 2478 ε.
123 2445 140 2478 C.
152 2446 186 2481 λλε
204 2442 277 2486 πρῶτον,
308 2454 323 2479 ι.
339 2446 356 2479 C.
369 2447 401 2481 M.:
418 2457 432 2478 τ.
445 2440 513 2488 ἐντολῆς
524 2442 553 2478 καί
565 2441 586 2478 τά
598 2441 645 2488 ἑξῆς,
662 2445 729 2478 omissis
746 2454 771 2478 se·

51 2506 229 2550 quentibuswPauliv.
254 2514 267 2539 τ.
280 2507 301 2539 V.
314 2501 345 2547 μέν
357 2507 452 2540 ιλιοιιυο.
464 2506 487 2540 λλ.
512 2506 590 2547 asma:
607 2502 662 2547 δέμε.
687 2512 702 2539 ε.
715 2506 734 2539 V.
746 2501 771 2548 γέ-

50 2578 89 2612 γονε
104 2587 118 2593 -
138 2587 151 2592 -
171 2586 185 2592 -
200 2563 286 2600 διδάσκων
302 2569 372 2600 catenae
387 2567 459 2609 scriptor
474 2566 491 2598 λιι
504 2575 517 2598 ο.
529 2566 553 2601 Μ.
565 2566 587 2599 aa
604 2566 709 2600 decurtavit:
726 2576 772 2601 κατε-

50 2627 121 2672 κρίθην·
139 2622 210 2669 ἐλήλυθε
226 2622 245 2659 δέ
261 2634 321 2670 φησιν,
340 2620 349 2660 δ
366 2624 435 2666 Παῦλος
450 2620 478 2658 έκλ
493 2622 564 2664 τοῦτονς
577 2619 611 2659 άκδ
624 2625 654 2659 τοῦ
666 2623 721 2670 νόμον
732 2624 772 2666 τοῦς

50 2685 117 2731 λόγους,
130 2683 196 2723 δεικνὺς
209 2680 231 2723 aa
243 2681 263 2719 οῦ
275 2685 343 2729 (γαῦλον
356 2680 419 2728 ἡγεῖται
431 2680 492 2727 αῦτάν,
505 2684 566 2723 κοινάς
577 2680 595 2717 δέ
606 2683 644 2729 περὶ
656 2686 685 2730 τῆς
693 2699 708 2719 τ.
718 2684 771 2729 νόμον

50 2744 116 2791 φάσεως
128 2740 230 2788 διαλέγεται,
244 2742 263 2780 τδ
275 2744 352 2789 χρειῶδες
364 2740 417 2779 αῦτοῦ
426 2742 516 2781 διδάσκων.
541 2752 566 2779 aa.
579 2744 770 2790 G.cram.p,9a.175.

50 2804 139 2852 άμιμάτερα
151 2804 205 2843 καλιάς
217 2800 283 2848 έκάγει,
296 2816 312 2847 μ,
324 2806 350 2837 97.
363 2801 453 2849 άμφῦτερα
465 2802 511 2849 λέγει,
537 2814 560 2837 17.
574 2800 618 2848 άγία.
643 2808 679 2839 Hac
691 2817 744 2849 usque
756 2817 769 2837 ο,

50 2867 71 2901 Μ.
96 2875 120 2901 κε.
133 2864 189 2908 δρία,
203 2874 216 2897 ο.
230 2863 285 2898 Eram.
298 2875 313 2906 p.
327 2864 364 2899 100.
