1773 3073
136 63 169 100 142
356 64 467 99 THEODORI
483 64 632 100 MOPSVESTENI

178 178 194 226 Ι,
212 177 241 216 15.
260 176 290 215 16.
324 169 351 214 Τδ
366 170 493 228 πρωτότοκος
508 170 545 215 οὐκ
560 172 590 215 ἐπὶ
606 170 680 229 χρόνον
695 170 772 227 λέγεται
782 168 851 227 μόνον,

137 242 186 289 νίλλίι
200 241 237 300 γὰρ
252 242 284 287 καί
300 241 330 286 έπί
345 241 482 301 προτιμησεως
496 241 601 298 πολλάκις,
623 240 650 294 ῶς
666 241 697 287 τέ’
720 239 854 286 έπικαλέσεταί

136 334 168 374 με,
190 313 255 373 πατὴρ
270 332 309 372 μου
324 313 343 359 εί
360 314 394 371 σύ,
416 316 449 359 καί
469 314 507 372 έγῶ
526 315 654 371 πρωτότοκον
671 314 761 373 θήσομαι
778 313 852 368 αὐτὸν,

136 387 160 432 οὐ
179 391 239 431 τοῦτο
259 386 349 439 εἰπόντος
368 392 405 432 τού
424 391 486 442 θεοῦ,
509 386 539 432 ὅτι
560 389 643 433 ἕκαστον
665 386 733 433 αὐτῶν
754 385 853 443 πρότερον

121 458 211 516 εποιησω
225 463 253 518 tq}
267 458 334 520 χρόνῳ
344 463 383 503 τῶν
393 463 478 510 λοιπῶν,
494 459 538 503 αλλλἸ
547 460 580 504 δτι
589 461 633 517 περί
643 463 720 503 πολλού
732 457 852 515 ποιήσομαι·

135 530 186 586 λέγει
205 530 227 575 δέ
245 535 309 575 ταύτα
322 529 340 575 δ
358 533 437 588 Λαβὶδ,
459 534 500 575 τῶν
519 531 570 590 πρὸς
589 530 652 576 αὐτὸν
675 532 796 587 ἐπαγγελιῶν
817 534 854 574 τού

135 606 186 648 θεοῦ
207 601 351 660 μνημονεύων,
374 599 400 656 ῶς
417 601 442 648 δν
460 600 600 661 ὑποσχομένου
618 601 666 655 τούς
686 604 705 657 ἐξ
723 599 786 647 αὐτοῦ
803 599 853 646 κατὰ

136 673 233 733 διαδοχὴν
252 673 395 720 οίκειῶσεσθαι.
422 673 445 719 Ὁ
462 673 484 719 δέ
502 672 613 727 ἀπόστολος
628 675 688 732 φησίν
706 673 738 718 τδ·
760 673 852 734 έκκλησίη

136 746 268 805 πρωτοτόκων
283 746 464 806 ὐπογεγραμμένων
479 748 500 792 έν
515 747 620 806 οὐρανοῖς,
640 749 674 792 ίνα
692 750 736 806 είπη
756 746 792 791 τόν
806 751 853 791 πολ-

111 825 170 878 ιολης
186 819 237 876 όίγαν
253 819 362 878 ἠξιωμένον
377 824 411 879 τῆς
424 824 491 877 τιμαῖς,
509 822 542 865 καί
557 820 589 865 τό
611 819 655 872 υίὸς
672 818 798 878 πρωτότοκός
812 837 852 875 μου

134 892 221 949 Ἰσραὴλ,
237 892 280 936 ολυτί
295 897 332 936 τοῦ
346 895 410 949 τίμιος
425 894 477 949 έμοί·
499 891 562 944 οὐτως
577 894 625 949 φησί
639 890 756 936 κολνταύθα·
777 892 854 949 πρωτό-

136 982 195 1017 τοκος
205 962 269 1022 πιλσης
279 966 365 1016 κτίσεως,
377 962 421 1009 νλντί
429 967 467 1008 κού
477 962 531 1021 παρύ
542 967 608 1009 πεῖσαν
618 963 654 1021 τὴν
664 965 727 1008 κτίσιν
737 963 851 1020 τιμώμενος,

179 1035 222 1081 Οὐκ
237 1035 291 1081 εἶπεν
306 1035 330 1081 δι’
346 1034 418 1091 αὐτού,
439 1034 479 1080 ἀλλ’
499 1035 520 1079 έν
538 1034 601 1096 αὐτῶ·
625 1034 649 1079 οὐ
666 1035 705 1092 γίνρ
720 1034 756 1092 τὴν
770 1033 852 1093 πραότητι

135 1108 186 1165 λέγει
200 1110 275 1163 κτίσιν,
291 1107 341 1152 ὐλλδι
355 1107 392 1165 τὴν
407 1108 428 1152 έν
443 1106 498 1167 αὐτη]
512 1108 621 1165 γενομένην
636 1106 747 1162 νῖνοίκτισιν,
765 1105 812 1151 καθ’
826 1107 853 1165 ἢν

110 1179 159 1224 ιετδι
174 1178 239 1224 ποίντα
254 1179 384 1236 διαλελυμένα
400 1182 427 1232 είς
442 1181 561 1237 συμφωνίαν
575 1179 629 1237 ἤχθη
641 1181 697 1236 μίαν,
714 1178 740 1231 ῶς
749 1180 783 1223 καὶ
793 1177 852 1224 ὐλλα-

135 1257 172 1309 χού
187 1254 256 1309 φησίν
280 1252 498 1308 ἀνακεφαλαιώσασθαι
517 1252 541 1296 ταί
562 1252 627 1296 πάντα
643 1252 663 1295 έν
678 1256 705 1311 τῷ
721 1256 808 1310 Χριστῷ,
828 1252 853 1296 τοί

136 1341 156 1368 τε
171 1325 192 1368 έν
206 1330 247 1375 τοῖς
262 1324 357 1382 οὐρανοῖς
371 1326 403 1369 καί
418 1324 443 1368 καλ
459 1325 489 1367 έπί
504 1328 539 1380 τῆς
554 1328 595 1381 γῆς,

179 1399 204 1439 Οί
222 1396 242 1439 δέ
259 1414 281 1454 γε
299 1395 470 1455 παρερμνηνεύειν
486 1396 604 1453 βουλόμενοι
623 1395 647 1439 τῶ
662 1395 712 1453 ῥηταί
726 1398 760 1439 καί
773 1395 808 1439 τὸ·
831 1396 853 1447 ός

137 1468 189 1511 ἐστιν
205 1466 262 1511 εἰκῶν
276 1471 313 1512 τού
327 1471 378 1511 θεού
392 1472 428 1511 τού
444 1466 541 1526 υίορόιτον,
557 1466 683 1523 πρωτότοκος
692 1467 757 1524 πυίσης
766 1469 852 1522 κτίσεως,

111 1560 129 1587 2⁰
138 1540 168 1582 ἐπὶ
182 1543 217 1595 τῆς
231 1542 287 1590 θείας
302 1539 391 1595 ἐκλαβεῖν
407 1537 564 1595 ἐπιχειρήσαντες
579 1538 666 1595 φύσεως,
687 1538 780 1595 οὐδαμῶς
795 1550 854 1583 συκο-

138 1614 236 1667 φαντησαι
255 1610 291 1667 την
309 1610 414 1669 ἑρμηνείαν
432 1608 488 1668 ἡμῶν
507 1609 628 1667 δυνήσονται
646 1608 685 1655 νίπδ
705 1614 740 1667 τῆς
759 1608 799 1654 αἶπό
814 1615 854 1656 τῶν

136 1683 198 1727 θείων
218 1682 247 1726 έκί
265 1681 290 1727 ταί
309 1681 429 1740 ανθρωπίνα
443 1680 578 1740 μεταβάσεως,
602 1681 646 1740 ἦτον
660 1686 695 1740 της
709 1680 749 1727 ὐπὸ
764 1686 804 1727 τῶν
819 1682 854 1728 νίν-

136 1756 245 1813 θρωπίνων
261 1755 290 1798 ἐπὶ
301 1753 325 1797 ταί
335 1755 389 1797 θεία·
405 1753 428 1798 τό
438 1753 477 1810 γνλρ
488 1752 537 1798 αὐτὸ
548 1756 580 1801 καί
591 1753 666 1806 αὐτοὺς
675 1759 757 1811 ποιησαι
768 1753 851 1811 αλναίγκη,

137 1827 161 1870 τὰ
179 1827 215 1883 μέν
235 1825 324 1883 ὐνῶτερα
342 1827 373 1870 ἐπὶ
392 1831 427 1883 τῆς
442 1826 484 1870 όίνω
499 1826 660 1884 ἐκλαμβάνοντας
675 1826 763 1885 φύσεως,
783 1827 806 1871 τό
821 1828 853 1872 δέ·

111 1896 262 1954 ηςπρωτότοκυς
280 1899 301 1941 ἐκ
320 1901 360 1941 τῶν
379 1901 463 1952 νεκρῶν,
486 1900 502 1941 εί
520 1897 546 1955 μη
564 1897 588 1942 ταί
606 1896 672 1942 πτίντα
691 1896 852 1955 ὐναισχυντοῖεν,

137 1969 230 2027 οὐδαμῶς
245 1971 333 2027 ἐκλαβεῖν
348 1970 379 2014 έπί
393 1974 427 2027 τῆς
441 1972 499 2022 θείας
513 1970 639 2027 δυναμένους
654 1969 739 2027 φύσεως,

157 2102 159 2105 .
178 2046 195 2096 ί,
212 2047 243 2086 23.
276 2046 339 2085 Τούτο
359 2040 397 2099 γδιρ
415 2037 440 2099 ἦν
459 2042 519 2099 έργον
534 2041 605 2097 αὐτοῦ,
631 2041 654 2086 τὸ
669 2041 773 2100 κηρύττειν
787 2045 814 2094 είς
830 2043 855 2087 τό

137 2116 186 2173 ἔθνη
201 2114 223 2159 τό
239 2114 354 2172 εὐαγγέλιον
369 2113 405 2168 ἔξω
419 2118 453 2172 της
467 2119 507 2159 τῶν
521 2119 610 2173 νομικῶν
624 2115 785 2174 παρατηρήσεως.

176 2191 193 2238 l,
210 2192 242 2230 λλ.
258 2193 290 2231 25.
314 2185 375 2230 Ὥστε
393 2188 454 2244 φησίν
473 2186 545 2244 ἥδομαι
563 2188 596 2231 καί
613 2186 694 2244 πνίσχων
713 2185 764 2243 ὐπέρ
783 2185 853 2243 ὑμῶν’

180 2308 193 2332 1.
207 2300 225 2333 C.
233 2298 259 2332 Gr.
266 2309 281 2341 p.
288 2299 325 2332 360.
334 2296 353 2331 Θ.
361 2294 445 2342 δὲφησιν
465 2305 478 2333 5.
488 2299 514 2331 Ps.
522 2299 548 2342 89,
558 2298 583 2331 26.
593 2299 618 2331 27.
639 2304 652 2331 σ.
661 2298 678 2332 C.
687 2298 722 2333 Cra
734 2298 788 2332 ταῦτα
797 2296 853 2342 φησίν.

137 2368 150 2392 ο.
162 2360 213 2393 Hebr.
226 2358 285 2400 1223.
304 2366 328 2390 ιο,
341 2359 386 2390 Ὲοικ.
398 2359 428 2401 leg.
441 2353 610 2400 τῶν-ἠξιωμένων·
628 2365 654 2390 11.
666 2359 718 2391 Exod.
730 2358 782 2400 affl,
803 2366 827 2391 τε.
838 2359 854 2391 [1.

136 2419 236 2461 ‹J1·.p.308.
249 2417 269 2452 Θ.
284 2414 302 2451 δέ
314 2417 342 2451 καί
354 2415 418 2462 ταύτην
430 2416 529 2462 πλημμελῶς
541 2414 624 2461 ἐξηγεῖται
635 2413 665 2459 τὴν
677 2413 734 2461 ῥῆσιν,
747 2414 817 2460 φάσκων
829 2438 854 2450 -.

138 2487 162 2515 ιτ,
173 2480 213 2521 Ερίι.
221 2480 235 2516 ί,
244 2481 269 2513 10.
291 2487 315 2513 ιε.
329 2480 347 2513 C.
357 2480 383 2512 Cr.
393 2490 407 2521 μ.
417 2480 453 2513 309,
467 2479 535 2512 Scholio
543 2478 651 2521 praecedenti
660 2477 710 2510 allato
719 2482 788 2511 catenae
796 2482 855 2511 auctor

137 2541 168 2572 ila:
176 2532 214 2571 Ὅτι
223 2534 240 2571 δέ
249 2538 303 2572 ταῦτα
312 2536 382 2572 Παίλον
389 2539 419 2573 τού
427 2534 542 2582 Σαμοσυτέως
554 2536 606 2582 φησίν
618 2531 661 2570 εἶναι
671 2532 679 2570 δ
687 2535 770 2579 μακάριος
778 2533 855 2583 ’ίωιλννης

136 2596 234 2641 φθάσαντες
250 2596 373 2641 παρεθέμεθα
391 2596 520 2641 ἐναντιούμενος
532 2598 553 2641 δὴ
567 2595 646 2640 συνήθως
657 2597 699 2630 πᾶσι
710 2599 745 2637 τοῖς
756 2593 811 2640 ἁγίοις
822 2611 854 2630 πα-

136 2656 193 2701 τριίσι,
210 2656 237 2690 καί
249 2658 303 2692 ταῦτα
315 2655 400 2702 ἐπιφέρει·
426 2667 451 2691 25.
464 2669 488 2692 vs.
502 2659 528 2691 18.
552 2659 573 2690 ib.
587 2658 605 2692 V.
617 2655 640 2700 μὴ
654 2658 670 2688 in
683 2668 696 2690 ο.
710 2658 736 2691 Cr.
749 2667 783 2689 non
796 2662 853 2690 exstat.

137 2725 163 2752 οε.
182 2718 248 2751 Adiecit
265 2729 325 2752 censor
341 2722 397 2752 νοελοι·
413 2729 491 2754 severus:
511 2716 609 2762 Πρυφανοῖς
623 2715 680 2750 τοίνυν
692 2713 724 2750 αλιι
736 2714 803 2757 τούτοις
815 2715 854 2751 α’πε-

136 2777 196 2822 δείγθη
210 2775 299 2823 Θεόδωρος
313 2779 345 2824 τὴν
357 2776 400 2821 πρδς
411 2779 452 2820 τοὺς
464 2775 522 2823 διγίαυς
533 2776 599 2817 πάντας
612 2773 696 2820 υίρύμενυς
707 2776 767 2822 μολγην.
796 2785 819 2811 27.
837 2779 853 2811 l).

136 2842 162 2873 Cr.
175 2850 191 2881 ρ.
205 2838 242 2871 312.
256 2838 275 2872 Θ.
288 2838 347 2882 φησίν·
373 2847 397 2873 σε.
411 2841 456 2873 Haec
467 2841 561 2873 theodoten
573 2847 610 2872 esse
622 2848 702 2880 perquam
715 2838 808 2880 ριόΙιαΙιῖΙε,
