1723 3073
242 148 265 181 ΙΝ
278 147 421 184 EVANGELIUM
434 148 553 184 tlarrflndl.
650 178 651 181 ,
747 147 757 179 ὂ

80 253 143 306 XIIl,
160 257 192 300 33.
223 251 319 312 ’Aledpov
334 255 383 300 σοίτα
398 257 443 314 τρία
452 254 549 312 Ἕίίνχνας
559 254 591 300 καί
601 252 713 304 Ἰουδαίους
725 254 758 297 aul,

0 386 1 390 χ
38 327 164 383 Σαμαρείτας
179 322 282 381 ὀνομάζει·
302 323 382 377 τούτοις
400 333 442 377 τοῖς
460 329 523 383 τρισίν
543 328 665 384 ἐμβληθεῖσαν
679 323 691 381 ἡ
707 323 758 380 ζτίμχ

0 395 1 398 “
36 399 58 441 ἓν
73 396 158 454 φύραμα
172 394 209 453 τὴν
224 394 287 452 φύσιν
301 394 383 440 πάντων
399 395 509 454 είρχοίοατο,

79 469 139 520 XIV,
158 472 174 513 l.
199 466 281 525 Ἕτερδς
296 469 349 512 ἐστιν
361 465 452 526 Ἡροίδχς
467 466 478 512 ὁ
493 458 596 525 βασιλεὺς,
617 468 649 511 ναί
665 466 732 524 ἕτερος
747 464 757 510 d

37 539 143 598 τετράρχης
161 538 172 583 δ
187 539 231 592 νίὸς
247 539 316 585 αὐτοῦ.
346 538 406 584 Marri
415 538 454 596 χείρ
465 539 500 584 τδν
509 544 546 585 τοῦ
556 540 652 598 βασιλέως
665 537 758 596 Ἡρώδου
777 552 784 579 a

0 647 1 650 ,
37 611 128 658 θάνατον
147 614 175 664 είς
193 614 308 670 τετραρχίας
323 614 398 656 διεῖλον
413 614 432 656 ol
444 609 539 668 Ῥωμαῖοι
552 612 589 670 τὴν
604 614 706 670 βασιλείαν
722 609 756 655 ud-

37 688 83 737 τοῦ,
105 681 116 727 ὁ
136 683 158 727 δε
176 682 310 735 τοδτοναίὸς
323 685 346 727 ἓν
361 684 421 741 μέρος
435 687 470 739 τῆς
484 686 598 739 τετραρχίας
613 682 674 739 εἶχενΙ
698 678 758 733 οὗτος

9 777 11 780 ’
37 755 59 799 δὲ
79 749 104 812 ἦν
123 752 133 798 ὁ
152 753 188 798 τὸν
205 753 323 812 πρόδρομον
341 752 491 811 καρατομήσας,
514 756 546 797 nat
566 754 598 798 διδ
623 759 683 798 τοῦτο
702 757 758 806 δίνας

39 827 111 871 dimum}
126 824 164 870 οὐν
179 829 205 878 εἰς
220 825 305 884 ματερίαν,

77 899 136 950 XVI,
153 902 172 942 3.
205 898 303 942 Dominus
318 898 370 942 enim
386 898 475 942 Christus
487 905 528 941 erat
544 898 624 955 quidem
640 905 658 941 et
671 900 725 942 Deus
739 906 785 942 etll

38 972 109 1021 bomo,
124 977 234 1028 utrumque
249 972 360 1014 secundum
375 978 467 1015 naturam
482 971 582 1014 similiter:
600 985 625 1013 en
639 969 702 1013 altero
713 971 758 1028 qui-

38 1043 82 1085 dem
98 1057 210 1101 apparens,
228 1057 253 1086 ex
269 1043 332 1086 altero
347 1051 396 1086 vero
411 1049 481 1099 utpote
498 1041 608 1086 secundum
622 1048 714 1085 naturam
729 1041 758 1084 di-

39 1115 115 1162 vinam,
131 1114 235 1158 invisibilis
246 1121 334 1158 exstans.
365 1115 414 1158 Erat
425 1120 491 1158 autem
500 1128 564 1158 unum
575 1112 656 1170 quidem
667 1113 759 1156 omnibus

40 1185 166 1228 nianttesrurn
180 1191 250 1244 utpote
264 1186 318 1243 quod
337 1185 457 1244 apparebat:
475 1184 576 1228 hominem
591 1183 643 1228 enirn
658 1198 703 1227 eum
715 1199 759 1228 om-

39 1269 73 1299 nes
89 1262 137 1299 lunc
152 1257 247 1314 temporis
264 1256 395 1299 aestimabant
410 1270 464 1305 esse,
481 1262 501 1299 et
517 1256 603 1314 amplius
617 1255 673 1298 nihil.
698 1256 759 1309 Quod
769 1267 786 1294 ιν

39 1328 91 1371 enim
107 1328 128 1370 in
140 1328 175 1370 illo
190 1328 276 1378 latebat,
293 1329 386 1370 omuibus
397 1335 439 1371 erat
448 1327 566 1371 incredibile
576 1328 645 1385 priore
655 1334 758 1385 ternpore:

39 1399 73 1442 sed
90 1414 116 1442 ox
134 1400 271 1457 magnitudine
288 1414 360 1443 eorum
378 1415 430 1457 quae
448 1401 501 1443 circa
518 1400 575 1442 illum
594 1399 717 1456 agebantur,
742 1406 761 1442 et

39 1471 126 1514 novitate
143 1471 298 1520 miraculorum,
323 1485 457 1528 quaecunque
475 1471 500 1513 ad
521 1471 631 1514 doctrinam
651 1470 761 1513 videntium
780 1471 782 1478 “

39 1540 150 1591 efficiebat,
173 1549 192 1585 et
211 1555 236 1584 ex
254 1542 315 1600 gratia
334 1543 397 1586 sancti
414 1540 502 1600 Spiritus
519 1541 554 1599 qni
575 1556 635 1600 super
658 1541 761 1599 apostolos

39 1614 104 1663 venit,
119 1614 233 1656 intellectus
245 1622 274 1657 est
290 1620 361 1671 postea
374 1622 393 1657 et
406 1614 494 1657 creditus
507 1628 567 1657 verus
582 1614 648 1663 lleus,
665 1614 761 1656 essentia·
770 1625 789 1652 ao

40 1685 84 1729 liter
99 1690 180 1729 exstans
193 1685 243 1729 filius
261 1692 319 1729 veras
330 1685 368 1729 Dei
379 1685 460 1729 aeterni.
493 1684 593 1752 Quoniam
604 1698 653 1729 vero
663 1683 683 1727 in
693 1685 762 1743 priore

40 1765 129 1815 tempore
145 1757 276 1814 ignorabatur
290 1758 328 1801 boc
344 1758 455 1801 secundum
471 1759 576 1801 essentiam
592 1763 685 1806 exstare,
702 1772 726 1800 en
738 1773 762 1801 eo

40 1835 106 1871 autem
119 1829 174 1886 quod
186 1829 296 1886 apparebat
308 1829 422 1874 ridentibus
439 1829 499 1872 homo
512 1844 575 1886 purus
590 1829 712 1886 putabatur,
730 1844 762 1872 se-

41 1900 128 1943 cundum
144 1900 246 1943 bominem
262 1902 368 1958 ploraque,
386 1908 404 1944 et
421 1900 532 1944 secundnm
546 1915 590 1942 eam
605 1916 657 1958 quae
676 1916 763 1959 appare-

40 1971 74 2014 bat
95 1978 187 2015 naturam
204 1971 329 2029 loquebatur.
356 1973 380 2015 m
398 1972 447 2014 baec
465 1986 491 2014 cx
509 1971 538 2015 bis
554 1972 642 2030 quaein
658 1973 791 2031 evangelicas·

41 2044 115 2102 scripta
132 2052 178 2089 sunt
193 2044 257 2101 quius
274 2045 361 2088 inueniet
376 2044 535 2087 animadvertens
550 2045 650 2089 attentius.

84 2116 191 2158 Proximus
207 2117 267 2159 etiarn
282 2116 371 2173 passioni
386 2115 411 2157 ad
426 2114 536 2172 discipulos
552 2117 650 2159 Dominus
666 2117 726 2159 dixit:
743 2118 764 2160 si

42 2202 73 2230 mo
84 2187 172 2237 sciretis,
190 2187 259 2245 utique
271 2196 289 2232 ct
300 2194 378 2246 patrem
389 2203 455 2232 mcum
466 2188 555 2239 sciretis;
572 2195 591 2231 ct
603 2189 627 2232 ad
640 2190 761 2247 Philippum:

42 2262 106 2303 Tanto
123 2265 213 2318 tempore
228 2259 333 2303 vobiscum
348 2275 402 2308 suin,
420 2265 439 2302 et
455 2275 494 2302 non
512 2261 633 2318 cognovistis
649 2264 695 2305 me?
718 2261 765 2303 Pbi-
828 2266 831 2273 ’

42 2331 106 2388 lippo,
123 2332 158 2388 qui
172 2331 225 2374 ridet
237 2345 280 2378 me,
298 2330 350 2374 videt
366 2339 385 2374 et
399 2338 476 2388 patrem
492 2346 571 2382 nreurn3
589 2331 696 2375 ostendens
712 2346 793 2389 quo-ao

43 2403 96 2445 triam
112 2418 177 2459 neque
194 2403 281 2445 divinam
294 2410 386 2446 naturam
397 2402 487 2446 sciebant
497 2404 605 2461 unigeniti,
622 2416 688 2458 neque
699 2404 765 2445 Deum

42 2474 131 2518 sciebant
153 2489 221 2517 reruni
241 2481 326 2532 patrem,
359 2475 414 2518 Unde
434 2472 499 2532 noque
518 2474 617 2528 dicentem
636 2473 660 2516 do
681 2475 764 2533 proprio
796 2508 798 2512 ⁴

43 2551 99 2603 patro
117 2545 177 2589 veluti
195 2547 220 2590 de
235 2548 278 2590 Deo
297 2547 396 2590 dicentem
419 2546 543 2603 aliquatenus
562 2545 706 2590 advertebant:
731 2548 765 2590 sed

43 2618 104 2661 divisa
126 2617 257 2675 intelligentia
280 2618 349 2661 eadem
371 2619 414 2676 ipsa
436 2617 533 2675 putabant
555 2618 615 2661 otiam
635 2616 677 2660 illa.
714 2620 765 2662 llino

91 2808 102 2828 r.
117 2798 180 2830 Possint
194 2802 225 2831 eat.
239 2809 253 2841 p.
269 2798 303 2833 tb-l.
330 2806 343 2830 r.
356 2798 420 2830 Possint
429 2802 461 2831 ont.
473 2808 488 2839 p.
498 2799 535 2831 202.
563 2806 585 2831 ro,
599 2799 671 2832 l'acund.
684 2800 694 2831 l.
704 2800 714 2832 l.
723 2800 739 2837 a,
749 2800 765 2832 ας

46 2857 117 2889 Videtur
129 2859 160 2890 troc
173 2857 285 2899 fragmentum
298 2867 317 2890 or
331 2858 339 2891 Ι,
354 2858 425 2899 quodam
439 2858 524 2891 'lbeodori
535 2858 631 2899 dogmatico
641 2860 770 2902 depr·omptrnn.·

48 2923 72 2948 εν.
85 2918 134 2953 „rost
145 2918 230 2959 attnrianta
243 2918 267 2950 sic
281 2919 341 2950 iterum
354 2917 410 2949 dicitl
435 2917 541 2954 estobss,
558 2918 582 2950 ab,
608 2918 753 2960 colobiati
