1723 3073
235 133 257 168 IN
270 133 394 169 EPISTOLAM
406 134 434 167 An
447 134 557 174 ROMANOS.
733 129 755 167 69

40 234 119 280 τούτου,
149 234 189 280 Διό
204 248 274 292 φησιν’
289 239 309 282 οί
322 237 361 294 γάρ
375 237 425 282 κατά
440 238 503 298 σάρκα
518 238 584 293 ὅντες,
598 236 627 281 τάἸ
637 233 756 294 τήςσαρκδς

41 303 153 366 φρονοῦσι,
174 308 208 354 καί
222 305 246 354 τοί
260 307 314 367 ἑξῆς·
337 312 397 356 τοῦτο
411 309 473 368 λέγει,
495 309 526 357 ότι
544 312 564 356 οί
582 309 619 368 μέν
633 308 706 369 δνητολ
719 304 757 365 τήν

41 379 104 437 φύσιν
119 380 233 438 ἀναγκαίως
246 384 339 440 πλείστην
353 386 390 427 τοῦ
404 377 525 442 ἀμαρτάνειν
538 382 576 441 τήν
591 382 695 440 ἐνόχλησιν
706 378 756 433 ῦπο-

40 452 135 510 μένουσι·
157 453 176 497 τί
192 450 231 511 γάρ
249 451 275 498 ἀν
289 454 321 498 κοιλ
337 453 467 512 βουλεύσαιτο
482 453 585 500 ἀδύνατον
600 454 661 514 φύσις
679 451 746 511 θνητή
750 471 756 507 5

41 527 58 568 εί
73 523 95 568 δέ
109 525 142 582 καί
156 542 186 576 τις
201 525 254 569 ἐστίν
268 525 290 569 έν
304 523 352 582 ήμίν
367 525 437 583 ἀρετή,
453 524 478 571 οῦ
492 530 527 584 τής
541 526 613 584 σαρκός
629 528 681 571 έστιν
696 525 756 584 αῦτη,
775 539 784 566 5

41 594 92 646 ἀλλά
110 599 147 640 τοῦ
168 596 297 661 φρονήματος
316 601 351 655 τής
371 601 445 655 γυχής,
467 597 546 643 έπειδίιν
566 597 655 656 ἀνωτέρω
675 599 758 660 γένηται

40 672 81 724 νῦν
94 666 207 724 παρόντων.
237 672 262 714 Of
283 669 350 726 μέντοι
370 674 406 714 τοῦ
428 668 541 726 πνεύματος
561 670 599 728 ήδη
619 661 757 728 μετεσχηκότες

41 741 144 797 κρείττονα
157 739 235 785 τούτων
251 741 318 800 έχουσι
331 741 368 786 τὸν
378 740 483 799 λογισμόν,
499 739 597 787 ἀδύνατοι
607 740 711 801 γεγονότες
719 739 757 799 τήν

43 812 106 870 φύσιν
125 814 159 857 κοιλ
176 814 241 870 πάσης
254 818 290 870 τῆς
305 812 345 858 ἀπὸ
359 817 400 857 νῦν
414 812 509 869 χειρόνων
524 813 643 870 ἐνοχλήσεως
658 813 757 871 ἀπηλλαγ-

44 883 109 941 μένοι·
131 887 191 927 τοῦτο
206 883 244 941 γάρ
259 884 310 941 λέγει
324 882 347 928 τό
363 883 453 942 εἰρήνην,
474 885 541 942 έπειδή
562 886 637 937 ἐντοῖς
651 884 784 944 ἀνωτέροιςιο

44 954 100 1012 παρὰ
114 961 156 1007 τοῖς
170 954 207 1013 τήν
223 954 286 1014 φύσιν
300 962 383 1013 θνητοῖς
392 954 479 1013 πόλεμον
489 955 540 1004 εἶναι
551 956 597 1015 ἔφη,
613 961 646 1016 τής
661 955 758 1014 ἀμαρτίας

45 1027 217 1085 ἀντιπραττούσης
231 1032 259 1089 τῷ
274 1027 385 1085 βουλήματι
399 1032 434 1085 τῆς
447 1032 520 1085 ψυχῆς,
536 1027 617 1087 εἰρήνην
627 1029 716 1073 ἐνταῦθα
729 1027 758 1072 λέ-

45 1117 87 1157 γων
101 1099 124 1144 τὸ
140 1098 272 1158 ἀφαιρείσδαι
285 1103 320 1158 τής
335 1098 432 1158 ἀμαρτίας
446 1099 482 1159 τήν
498 1098 605 1158 ἐνόχλησιν.

87 1173 145 1223 VIII,
163 1177 193 1216 11,
224 1171 332 1229 Προειπολν
353 1177 431 1230 πνεῦμα
452 1175 552 1230 Χριστοῦ,
574 1171 634 1218 πάλιν
655 1174 714 1230 φησί’
736 1170 759 1216 τὸ
804 1174 806 1177 ’

12 1249 13 1252 ’
45 1248 124 1301 πνεῦμα
144 1247 181 1289 τοῦ
201 1244 314 1301 ἐγείραντος
334 1243 422 1302 Χριστόν
443 1247 493 1289 οίκεί
511 1245 532 1288 έν
550 1242 608 1303 ῦμῖν,
629 1242 786 1301 έπαναγαγωνιε

45 1316 85 1361 ἀπὸ
99 1321 136 1361 τοῦ
152 1320 241 1371 Χριστοῦ
256 1318 287 1361 έπλ
301 1316 337 1361 τόν
351 1317 437 1375 πατέρα,
453 1315 513 1362 ούδέν
524 1317 602 1375 ἕτερον,
617 1315 658 1361 ἀλλ’
669 1314 682 1374 ή
692 1319 762 1374 σαφοῦς

45 1388 155 1441 διδάσκων,
179 1388 209 1433 ὅτι
228 1393 265 1434 τοῦ
283 1392 330 1434 νλοῦ
349 1390 382 1434 καί
401 1388 424 1435 κδ
444 1394 522 1448 πνεῦμα
544 1389 582 1434 ούκ
601 1386 707 1449 ἀλλότριον
728 1390 763 1446 τής

46 1465 141 1521 πατρικῆς
156 1459 252 1518 δεόιητῦς
267 1461 318 1523 έστι·
338 1462 372 1506 καλ
387 1459 417 1513 οἷς
431 1463 466 1519 μία
482 1459 492 1519 ή
509 1461 606 1519 ένέργεικ,
621 1459 700 1513 τούτοις
713 1458 763 1505 πάν-

47 1551 86 1586 τως
100 1534 132 1578 κοιλ
147 1530 159 1591 ή
175 1532 234 1577 οόσία
248 1536 276 1594 τῷ
291 1533 351 1591 πατρὶ
361 1535 471 1585 συναίδιος.
498 1531 627 1586 Ἀκολοῦδως
636 1532 704 1591 μέντοι
714 1532 763 1576 ένοι-

48 1606 148 1665 κήσαντος
158 1603 272 1664 πνεύματος
287 1603 345 1663 ἀγίον
359 1606 394 1650 καί
406 1609 441 1663 της
457 1604 554 1665 ἁμαρτίας
567 1607 708 1662 νεκρωδείσης,
723 1604 791 1649 ἕπε-κο

50 1684 100 1722 σόαι
117 1682 159 1727 τοίς
180 1675 334 1733 ἀγωνιζομένοις
351 1676 376 1720 κά
395 1675 474 1721 έπαδλίι
494 1688 566 1734 φησιν,
590 1671 715 1736 ἀνειρώτων
733 1677 766 1727 καὶ

50 1749 142 1807 μέγιστον
157 1742 182 1806 ήν
197 1745 209 1806 ή
224 1748 246 1793 ἐκ
260 1752 337 1808 νεκρῶν
352 1746 465 1800 ἀνάστασις,

59 1876 60 1879 ¹
91 1822 151 1876 vm,
167 1824 198 1865 λλ.
228 1824 298 1878 Δήλου
313 1815 351 1865 οῦν
366 1819 396 1865 ὅτι
411 1823 431 1865 ολ
444 1824 533 1865 τοιοῦτοι
546 1820 583 1878 τήν
597 1823 698 1878 μακαρίαν
716 1819 768 1878 ζωήν

51 1893 105 1954 παρά
119 1896 147 1955 τρλ
162 1893 239 1937 έοιυτολν
253 1892 312 1949 πατρὶ
328 1891 425 1950 ζήσονται.

92 1968 147 2019 vlu,
165 1970 196 2009 15.
228 1963 256 2009 Τδ
271 1963 332 2008 κάλιν
347 1962 374 2016 ἀς
388 1962 439 2021 κρδς
453 1963 476 2008 τὸ
491 1966 584 2016 δουλείας
596 1962 706 2009 ἀπέδωκεν
722 1964 794 2010 ἀνα-οε

52 2037 153 2095 γνωστέον
168 2031 206 2083 νῦν
221 2035 293 2088 οὕτως·
309 2034 333 2080 ού
343 2034 381 2093 γάρ
392 2033 471 2094 έλάβετε
480 2039 569 2093 πνεῦμα,
584 2034 626 2081 εἶτα
636 2035 769 2095 διαστήσαντα

53 2111 160 2168 ἐπαγαγεῖν
174 2107 223 2168 χρή·
246 2110 337 2160 δουλείας
351 2106 412 2153 πόλιν
426 2109 453 2160 εἰς
469 2106 540 2166 φόβον.
571 2109 621 2167 Περί
640 2108 679 2167 γὰρ
694 2111 734 2153 τῶν
748 2108 770 2153 έν

53 2182 108 2243 νόμῳ
123 2182 220 2238 λέγεικαὶ
236 2181 257 2226 ἐν
272 2185 296 2240 τῇ
310 2179 361 2239 πρὸς
376 2178 479 2235 Γαλάτας,
501 2179 532 2225 ὅτι
550 2182 585 2237 μία
605 2180 641 2237 μέν
655 2179 694 2225 ἀπό
709 2179 770 2237 όρους

54 2258 108 2301 Σινά
123 2257 150 2306 είς
165 2255 259 2299 δουλείαν
273 2257 373 2310 γεννῶσα,
393 2251 480 2304 δούλους
493 2252 542 2306 τούς
556 2251 647 2315 ἐννόμῳ
661 2252 771 2308 παραθέσει

55 2331 96 2373 νῦν
110 2330 147 2372 τοῦ
162 2326 269 2384 μέλλοντος
279 2329 352 2378 αίῦνος
365 2329 442 2380 καλόν,
457 2325 524 2383 ἐπειδή
540 2321 596 2371 οὗτοι
605 2326 641 2382 μέν
655 2324 695 2369 ῦπδ
709 2337 797 2382 προσ-ιο

55 2398 146 2457 τάγματα
168 2397 224 2449 όντες
237 2396 251 2455 ή
270 2400 429 2457 παραβαίνοντες
444 2397 588 2453 ἐτιμωροῦντο,
608 2395 622 2455 ή
639 2394 773 2454 φυλάττοντες

58 2473 190 2530 έποιινοῦντο,
212 2470 261 2529 ὅπερ
281 2464 319 2514 οῦν
337 2474 377 2524 τῦυ
398 2469 476 2514 δούλων
496 2471 549 2513 ίδιον
568 2467 619 2513 εἶναι
637 2467 772 2526 συμβέβηκεν,

57 2544 131 2590 ἐκείνοι
150 2542 172 2587 δέ
190 2540 256 2599 χάριτι
269 2545 306 2586 τοῦ
321 2540 420 2586 δεσπότου
433 2543 473 2585 τόν
487 2537 600 2596 μελλόντων
617 2538 701 2597 ἀγαδῦν
717 2559 774 2598 κομι-

57 2613 137 2673 ζόμενοι
150 2613 187 2671 τήν
205 2611 330 2668 ἀπόλαυσιν,
353 2611 449 2670 οὐδεμίαν
467 2610 495 2656 έτι
513 2609 625 2670 μεταβολήν
643 2609 773 2672 ῦφορῦνται,

102 2734 127 2760 1³.
139 2725 193 2768 δρίος
205 2719 322 2769 ἀφαιρήσδαι.
345 2726 423 2758 Fortasse
431 2724 520 2757 Theodoro
533 2719 634 2769 ἀφηρήσδαι
646 2726 774 2759 restituendum.

59 2785 330 2829 1a.spic.‚c.cram.p,129.
361 2791 386 2817 ιε.
403 2778 636 2817 λ.ἀλλ’ίιιο.ῦιειο.ιιοο
651 2785 718 2828 legitur.
750 2794 774 2818 ιτ.

58 2847 116 2881 Libri:
128 2840 155 2882 ὅτι
166 2841 184 2880 ἐκ
196 2843 226 2878 τοῦ
238 2843 282 2880 νλοῦ.
306 2853 331 2879 ιι,
344 2845 394 2888 ὃρίο,
406 2853 420 2876 ο-
433 2842 488 2879 Gram.
500 2854 517 2888 p.
531 2844 568 2879 130.
593 2851 617 2878 τε.
630 2845 681 2890 Spic„
694 2855 708 2880 ο.
721 2845 774 2880 cram.

59 2908 124 2950 p.130,
149 2905 295 2948 πολλοί-δυσ.
