1773 3073
131 63 153 98 58
350 56 624 95 THEODORIMOPSVESTENJ

131 170 174 229 την
183 168 284 226 ἐνόχλησιν
298 165 345 224 ἡμῖν
360 167 522 224 ἐνεργαζομένης·
546 166 557 212 δ
571 167 594 212 δὲ
607 184 630 224 γε
644 165 689 219 νόδς
702 169 739 211 τοῦ
758 168 813 210 θεοῦ
825 164 846 209 ἐν

132 240 193 298 ταότη
207 236 293 296 γεγονός
306 241 330 296 τῇ
345 234 405 294 φάσει
419 242 444 296 τῇ
459 243 525 297 θνητῇ
539 241 573 283 ανδ
591 237 697 297 ἁμαρτίαις
716 236 846 296 δτοιιειμένη,

133 311 170 371 οῦχ
183 309 250 366 ἑτέρον
264 307 339 365 ένειιεν,
362 307 404 355 ἀλλ’
419 307 433 369 ἢ
447 304 497 355 ἀστε
512 308 594 370 ἀφελεῖν
610 312 671 370 αὐτῆς
684 311 721 368 τὴν
737 308 846 367 ἁμαρτίαν,

132 384 195 429 ἀνεῖλε
212 380 234 425 τό
254 381 327 426 ἐνεῖναι
342 374 421 427 δοαοῦν
435 381 487 442 αὐτῇ
501 386 563 440 αῦρος
580 387 622 442 τῆς,
635 380 743 442 ἁμαρτίας,
766 380 847 439 ἀφελιδν

117 456 167 514 ιμὲν
181 452 242 511 αὐτῆς
256 453 293 512 την
307 453 432 513 θνητότητα,
455 455 571 500 σννανελδν
585 456 607 501 δέ
622 455 673 515 αὐτῇ
688 457 721 501 ανδ
734 459 769 512 της
784 452 848 511 ἀμαρ-

130 530 173 579 τίας
186 525 223 584 τὴν
238 524 351 584 ένόχλησιν,
374 526 401 580 ἀς
415 527 487 573 λοιπόν
500 531 537 572 τοῦ
553 527 617 584 νόμον
632 527 668 573 τόν
683 526 759 573 σαοπδν
777 527 810 571 ιιαὶ
825 524 848 570 τό

131 597 223 657 βοόλημα
238 598 259 642 έν
273 596 321 656 ἡμῖν
331 603 473 659 πληροῦσθαι,
487 605 529 652 τοῖς
539 598 698 657 ἀπηλλαγμένοις
708 599 744 657 μέν
753 595 788 657 της
798 604 848 656 θνη-

130 670 222 729 τότητος,
239 671 260 715 έν
276 670 379 733 άθανασίγ
389 673 411 717 δέ
420 677 554 718 καθεστῶσιν·
570 672 582 717 δ
596 672 634 729 γάρ
650 671 687 717 οῦιι
701 676 770 729 λσχνσε
783 676 861 715 ποιεῖν’

132 744 154 789 έν
172 740 220 802 ἡμῖν
239 741 250 789 δ
267 742 341 802 νόμος,
363 744 395 790 ότε
414 746 442 791 ότι
459 747 530 803 θνητοὶ
544 745 581 803 την
596 745 658 803 φῦσιν
673 740 737 802 ἀμεν,
759 746 847 799 ααίτοιγε

106 820 212 861 ιοπλεῖστα
226 817 270 873 περί
284 820 321 861 τοῦ
336 816 420 875 μηνδεῖν
430 815 552 875 ἁμαρτάνειν
562 816 714 874 διαλεγόμενος,
730 811 790 860 τοῦτο
800 813 848 871 ἡμῖν

132 888 154 932 έν
172 890 195 945 τη
213 891 248 945 τῆς
266 886 389 947 θνητότητος
409 886 513 948 ἀφαιρέσει
530 889 670 947 προσεγένετο,
692 887 787 945 οὐδεμίαν
807 886 849 931 ε’νό-

132 965 202 1018 χλησιν
217 957 313 1017 ἁμαρτίας
328 960 448 1018 δυναμένοις
462 959 580 1018 ἀπομένειν,
597 958 677 1004 ἐπειδάν
692 959 744 1013 άπαξ
758 958 795 1016 την
810 958 850 1015 φό-

133 1042 166 1076 σιν
181 1029 281 1076 ἀθάνατοι
294 1030 406 1088 γενόμεθα.

173 1102 305 1149 Ἀπεντεῦθεν
319 1102 390 1148 λοιπδν
405 1102 438 1149 διά
452 1103 550 1148 πλειόνοιν
565 1103 627 1161 λέγει,
651 1102 681 1147 ότι
694 1108 736 1155 τοῖς
750 1102 786 1160 μέν
800 1108 851 1160 θνη

108 1182 175 1228 λιτοῖς
193 1174 216 1220 τό
237 1172 359 1233 ἀμαρτάνειν
380 1175 447 1220 έπεται
469 1174 559 1227 πάντας,
582 1174 683 1220 ἀθάνατοι
704 1176 726 1219 δέ
746 1174 850 1231 γεγονότες

134 1246 278 1306 ἀπηλλάγμεθα
292 1245 379 1299 τοῦτον,
400 1247 449 1293 ἀστε
463 1246 514 1293 ιιατδι
528 1245 641 1305 παράθεσιν
656 1251 746 1305 φανῆναι
760 1245 784 1291 τά
799 1245 849 1291 ιιατά

135 1318 223 1376 Χριστόν
241 1324 333 1365 πλεῖστον
351 1317 474 1378 ὑπερέχοντα
492 1323 529 1364 τοῦ
548 1318 622 1377 νόμον,
645 1322 698 1377 είπερ
721 1319 795 1371 έαεῖνος
814 1318 851 1377 μέν

135 1390 216 1450 ἀφελεῖν
225 1391 260 1437 τόν
270 1391 361 1437 θάνατον
372 1390 409 1437 οόα
420 1390 510 1451 ἠδύνατο
524 1393 558 1436 ναί
572 1390 649 1449 ἀνάγκη
663 1395 717 1436 παῖσα
731 1386 757 1450 ἦν
771 1398 852 1450 αρατεῖν

135 1465 157 1510 έν
174 1463 222 1522 ἡμῖν
241 1463 278 1522 τὴν
296 1463 406 1521 άμαρτίαν,
428 1463 467 1509 ιιάν
486 1463 579 1521 μνριάιιις
599 1462 713 1508 ἐπαιδεύετο
728 1461 740 1522 ἡ
760 1463 813 1522 άνχίη
828 1462 851 1508 τδ

109 1536 192 1582 εοδέον·
208 1534 219 1580 δ
234 1535 255 1581 δέ
269 1553 296 1593 γε,
306 1535 392 1594 Χριστός
406 1535 476 1582 τόντε
490 1534 582 1581 θάνατον
597 1534 665 1594 ἀφεῖλε
675 1536 707 1580 ναί
717 1535 754 1594 τὴν
764 1536 851 1581 ἐνοῦσαν

135 1607 184 1666 ἡμῖν
198 1611 233 1671 τῆς
248 1605 345 1665 ἀμαρτίας
361 1607 463 1665 ἐνόχλησιν
478 1613 581 1653 σννανεῖλε
600 1611 627 1667 τῷ
645 1607 735 1667 θανάτῳ.
763 1607 852 1663 Ἤρξατο

136 1680 173 1737 μέν
188 1673 226 1723 οὖν
240 1676 280 1723 ἀπὸ
294 1682 342 1723 τοῦ·
365 1678 504 1731 διααιοιθέντες
519 1673 557 1724 οῦν
572 1679 594 1723 έα
607 1680 698 1733 πίστεως,
714 1677 794 1737 εἰρήνην
810 1679 852 1737 έχο-

137 1767 173 1809 μεν
186 1750 237 1809 πρός
250 1749 286 1795 τόν
300 1749 351 1796 θεόν
365 1749 398 1796 διά
413 1756 450 1796 τοῦ
464 1754 535 1809 αορίον
549 1749 606 1809 ημεόν
619 1750 684 1808 Ἰησοῦ
700 1755 797 1809 Χριστοῦ,
812 1755 853 1797 τοῖν

137 1822 171 1869 διά
189 1828 227 1867 τοῦ
241 1826 330 1879 Χριστοῦ
349 1822 516 1881 παρασχεθέντειν
533 1821 581 1881 ἡμῖν
599 1824 713 1881 ἐξηγεῖσθαι
730 1822 752 1868 τό
768 1822 853 1880 μέγεθος

111 1894 176 1941 ντσῦν
190 1899 271 1947 πολλοῖς
285 1894 368 1954 ἑτέροις,
383 1894 492 1953 παραθέσει
507 1899 531 1954 τῇ
545 1894 596 1954 πρός
610 1894 646 1941 τόν
660 1893 724 1952 νόμον
739 1897 803 1949 δείξας
817 1894 853 1940 αῦ-

137 1971 178 2011 τολν
191 1965 228 2023 τὴν
242 1964 347 2024 ὑπεροχήν,
375 1965 453 2025 Ἐπειδὴ
467 1967 489 2012 δέ
504 1969 531 2019 είς
545 1966 582 2024 την
596 1971 636 2011 τοῖν
651 1965 807 2011 ἀναανπτόντοιν
822 1971 853 2024 ζη-

136 2037 230 2097 τημάτων
245 2035 318 2096 ἐτράπη
333 2036 400 2094 λάσια,
423 2036 599 2097 ἀπολογησόμενος
616 2036 667 2094 δπέρ
687 2037 762 2095 αὐτοῖν,
784 2037 812 2091 ἀς
832 2040 854 2084 έν

137 2117 179 2164 τοῖς
192 2109 330 2168 προνειμένοις
344 2110 440 2155 δέδειαται
454 2109 502 2169 ἡμῖν
516 2111 648 2170 σαφέστερον,
669 2113 702 2155 ααλ
717 2110 741 2170 δὴ
756 2113 789 2156 ααὶ
803 2111 853 2169 όπέρ

137 2187 174 2228 τοῦ
194 2179 292 2240 ἀμαρτίας
310 2182 415 2240 ποιητιιιδν
433 2182 497 2240 λέγειν
515 2182 551 2229 τόν
568 2182 643 2242 νόμον,
666 2184 725 2238 έδειξε
739 2184 776 2242 μέν
790 2183 854 2230 αὐτοῦ

113 2255 160 2301 λῦιτδ
175 2254 274 2316 χρήσιμον
284 2254 408 2313 ἀναγκαίοις
423 2257 456 2301 ααί
470 2260 530 2301 τοῦτο
545 2256 566 2301 δέ
581 2257 659 2308 ἐντοῖς
674 2255 746 2312 ἀρτίας
761 2256 855 2315 έρμηνεν-

137 2334 191 2373 θεῖσι
205 2322 328 2386 σαφέστερον
343 2327 486 2386 δεδηλαίααμεν.
516 2327 582 2373 Πτόλιν
598 2329 619 2373 δὲ
633 2328 683 2373 αατά
695 2328 808 2386 παράθεσιν)
818 2333 856 2374 τοῦ

139 2392 203 2457 νόμον
223 2401 286 2457 λέγων
303 2405 343 2445 τοῖν
359 2400 391 2446 διά
405 2405 443 2445 τοῦ
458 2404 547 2456 Χριστοῦ
562 2399 584 2444 τό
599 2399 695 2458 μέγεθος,
717 2401 748 2444 ἐπὶ
765 2399 801 2448 τδν
815 2405 855 2446 τεόν

140 2471 223 2528 πρείτων
238 2472 353 2530 ζητημάτων
368 2471 470 2530 ἀνατρέχει
485 2473 545 2530 λόγον
559 2474 593 2517 ναί
606 2471 630 2516 τδ
646 2471 758 2526 δειανόναι,
779 2470 805 2524 οός
823 2490 856 2530 με

139 2544 211 2599 γίστιον
220 2541 267 2600 ἡμῖν
278 2542 383 2601 ἀγαθοῖνδ
398 2545 484 2601 Χριστός
499 2545 576 2603 ἐγένετο
590 2543 696 2601 πρόξενος·
712 2539 774 2603 οὗπερ
789 2546 855 2590 ένεαεν

114 2612 244 2659 οσαάνταῦθα
259 2615 351 2673 βούλεται
366 2615 400 2661 διά
414 2621 494 2663 πολλῶν
509 2616 622 2670 δειπνάναι,
643 2615 674 2660 ότι
687 2620 712 2675 τῇ
726 2616 762 2674 μέν
780 2616 856 2676 θνητό-

139 2703 182 2745 τητι
197 2685 219 2731 τδ
234 2684 355 2744 ἁμαρτάνειν
366 2689 441 2744 έαεται,
457 2689 557 2735 ἀθάνατοι
568 2689 589 2734 δέ
599 2688 701 2745 γεγονότες
711 2688 855 2748 ἀπηλλάγμεθα

185 2772 321 2817 ι,δοῐ.δεειπ.ι
338 2771 453 2818 ἐργαζομένης,
478 2774 568 2820 ιι.8γῖο,,
582 2775 691 2818 &Eram-11.
705 2777 741 2811 126,
770 2778 855 2821 2³.5,11

140 2835 162 2868 ih*
180 2825 305 2876 »ἀνεντεῦθειη
322 2835 399 2878 Ειιῑλιχοε.
414 2836 430 2868 Ζ.
447 2837 463 2869 in
479 2838 538 2872 δίοιδε.
553 2838 605 2871 Leon.
623 2835 676 2879 λίοεη.
693 2838 708 2871 1.
722 2848 737 2879 η.
752 2835 778 2872 λ5.
802 2840 855 2874 Roiss,

140 2894 192 2945 Mssssf
216 2893 296 2934 Stephan.
309 2895 358 2928 Thes.
371 2896 397 2928 ed.
411 2896 455 2926 Lond
