1723 3073
92 127 202 175 THEODORI
214 128 364 165 MOPSVESTENI
375 131 398 165 IN
409 131 533 167 EPISTULAM
544 131 573 165 ΑΙ]
586 129 705 164 HEBRAEOS-
724 128 753 164 161

41 233 89 296 δρᾷς
104 235 135 280 ότι
149 238 209 293 δήλος
222 229 248 292 ήν
263 233 274 278 ό
288 237 321 280 καί
335 240 358 294 τῇ
374 237 466 296 ἐπιστολῇ
480 242 517 283 τοῦ
530 237 647 296 γράμματος
662 239 757 292 διακονη-

42 305 136 364 σάμενος,
152 304 196 364 μεθ’
208 300 233 351 οὗ
247 306 279 350 καὶ
296 306 382 360 όνεσθαι
397 307 470 361 αὐτοὺς
484 312 501 354 εί
514 308 583 367 τάχιον
598 308 707 354 ἐπανέλθοι
723 318 756 352 σα·

43 383 86 437 φάς
100 378 233 437 δπισγνείται,Ι
261 380 295 430 Τίς
310 373 347 423 οὖν
360 378 372 437 ἡ
387 381 459 426 κου’του
474 384 536 433 αἰτίας
554 381 637 439 είίδηλος
654 381 688 427 καί
704 379 757 437 άγαν

42 450 114 510 σαφής.
143 451 240 496 Λιίλοντο
259 448 366 508 Βαρνάβας
382 469 403 497 τε
422 454 456 497 καί
470 452 529 506 αὐτὸς
543 452 592 511 μετά
606 457 647 498 των
661 453 705 510 περί
720 451 756 496 τόν

42 523 141 582 μακάριον
157 523 236 580 Πέτρον
249 521 272 567 ιδ
287 520 389 580 κήρυγμα,
412 522 448 581 οὐχ
466 528 499 569 ίυα
517 525 542 570 τά
556 526 592 582 μὲν
607 520 672 580 οὗτοι,
694 525 719 570 τά
734 524 756 570 δὲ
775 545 782 571 τ

43 598 115 642 ἐκείνοι
134 595 265 652 διδάσκωσιν,
286 593 314 647 εἷς
330 594 368 654 γάρ
387 590 412 654 ήν
427 595 487 650 αὐτὸς
502 595 512 641 ό
528 597 608 653 σκοπός,
633 596 672 642 άλλ
688 600 722 643 ἵνα
737 599 757 642 οί

43 670 80 726 μὲν
93 669 141 722 τεός
156 668 195 714 άπὸ
209 669 287 719 ἐθυεόν,
303 669 323 711 οί
337 667 358 712 δὲ
372 667 419 720 τοὺς
434 667 473 713 άπὸ
487 673 527 714 τῶν
539 668 640 715 Ἰουδαίων
653 673 678 729 τῇ
692 672 755 714 πίστει

43 740 169 799 προσάγωσι,
190 739 223 785 διά
241 738 278 796 τήν
295 738 339 784 τότε
357 743 470 797 κρατοῦσαν
490 740 518 784 ἔτι
532 743 653 798 φιλονεικίαν
668 740 707 786 άπὸ
721 745 756 798 της

45 814 66 857 ὲν
80 816 108 873 τῷ
122 812 177 872 νόμῳ
193 813 301 867 συνηθείας
315 814 355 854 τῶν
368 808 470 855 Ἰουδαίων
484 817 525 862 τοῖς
539 813 558 864 ἐξ
574 813 639 856 ἐθνῶν
653 813 754 868 ἐπιμίγνυ-

44 890 94 928 σθαι
104 883 142 928 οὐκ
152 883 286 941 άνεγομέυωυ,
302 882 479 938 οίκονομικαίτερον
491 886 515 940 τῇ
530 884 621 938 διαιρέσει
634 883 695 942 ταότη
710 901 782 941 χρη-ιο

45 954 138 1017 σάμενοι·
155 952 284 1013 ἐχρημάτιζον
299 947 337 998 οὖν
351 955 371 998 οί
384 953 420 1010 μὲν
435 954 501 998 ἐθνολν
516 951 633 1009 άτιόστολοι,
648 957 667 999 οί
681 955 702 1000 δὲ
715 959 756 999 των

46 1029 68 1072 ἐκ
82 1030 197 1084 περιτομῆς,
218 1029 238 1070 ολ
255 1025 276 1070 δέ
290 1043 311 1082 γε
326 1024 476 1077 πεπιστευκότες
490 1026 571 1077 κοινοὺς
585 1025 611 1077 ως
625 1026 675 1078 εἰκός
690 1030 757 1071 διδασ-

44 1099 120 1151 κάλους
134 1117 155 1144 τε
169 1101 203 1144 καί
217 1097 341 1150 άποστόλους
356 1096 448 1155 ἐνόμιζον
460 1096 521 1142 εἶναι·
538 1098 569 1142 ὅτε
584 1098 619 1155 μὲν
634 1093 670 1143 οόυ
684 1099 756 1157 ἔγραφε

46 1178 88 1225 τοῖς
103 1171 143 1216 άπὸ
158 1172 234 1225 ἐθνῶν,
250 1172 330 1222 εἰκότως
345 1169 371 1222 ως
386 1169 453 1215 αὐτῶν
468 1169 578 1222 ἀπόστολος
593 1169 660 1222 αὐτοῖς
674 1171 757 1215 ἐπιστέλ-

45 1250 86 1300 λει,
99 1245 131 1289 ὅτε
146 1244 167 1288 δὲ
181 1243 232 1300 πρός
246 1242 294 1295 τοάς
309 1241 348 1287 άπὸ
361 1240 469 1300 Ἑβραίων,
485 1242 556 1287 οὐκέτι.
766 1263 783 1290 ιι

87 1320 104 1367 Ι,
121 1322 139 1361 3.
171 1316 237 1360 Τοῦτό
256 1316 319 1369 ε’στιυ,
338 1314 362 1358 οὐ
379 1314 464 1371 ποιητήν
478 1315 542 1371 μόνον
556 1317 617 1358 είπείν
631 1318 670 1358 τῶν
685 1314 757 1368 όντων,

46 1386 97 1432 άλλά
112 1386 150 1445 γάρ
164 1388 197 1431 καί
211 1391 239 1448 ιιβ
253 1389 317 1444 πολλή
332 1392 396 1430 ποιεῖν
411 1385 462 1430 αὐτά
476 1388 580 1446 περιουσία
594 1390 629 1443 τής
648 1384 758 1443 δυνάμεως,

46 1458 74 1512 αἱς
92 1458 117 1504 άν
135 1460 156 1504 ε”ν
173 1462 197 1517 τῇ
216 1463 275 1517 φωνή
293 1457 355 1503 αὐτοῦ
372 1456 453 1502 πάντων
471 1457 624 1516 άπηρτημίνωυ·
647 1457 705 1503 οὐδὲν
722 1457 760 1515 γάρ

47 1530 159 1576 διαλλάττει
173 1534 233 1575 τοῦτο
247 1534 294 1575 ποῦ’
316 1534 425 1582 καλοῦντος
439 1529 464 1574 τά
479 1529 505 1588 μή
520 1529 569 1574 όντα
584 1527 611 1581 σός
626 1529 681 1585 όντα,
702 1529 761 1588 ήκαί

47 1607 82 1661 τής
100 1607 137 1647 τοί)
156 1605 256 1660 μακαρίου
275 1602 379 1653 Μωυσέως
398 1601 514 1659 διηγήσεως,
535 1601 636 1658 λέγοντος1
656 1603 688 1645 καί
709 1600 786 1655 είκε,ιο

47 1675 153 1734 γενηθήτω
175 1678 226 1733 φάς,
248 1675 282 1719 καί
302 1674 377 1731 ἐγένετο
399 1677 451 1730 φάς,
473 1673 577 1732 γενηθήτω
599 1673 706 1731 στερέωμα,
727 1674 759 1717 καί

48 1748 125 1805 ἐγένετο
140 1746 246 1805 στερέωμα.

90 1824 107 1874 Ι,
123 1824 141 1863 7.
158 1824 175 1863 8.
208 1818 235 1862 Τό
251 1818 287 1875 μὲν
301 1821 336 1875 τῆς
350 1816 459 1877 ὑπηρεσίας
472 1818 508 1875 τήν
523 1816 606 1874 ὀξύτητα
621 1818 718 1873 σημαίνει,
738 1817 760 1861 τό

49 1891 71 1936 δὲ
86 1891 108 1936 τό
123 1894 158 1948 τῆς
172 1893 295 1949 λειτουργίας
310 1889 403 1936 δυνατόν.
435 1894 502 1935 Ταῦτα
516 1888 538 1933 δὲ
552 1887 626 1940 αὐτοὺς
640 1889 716 1933 ἐκεῖθεν
730 1906 760 1945 γε-

47 1967 146 2021 γενήσθαι
161 1962 230 2018 είποίν,
246 1962 367 2026 παρέστησεν
383 1961 410 2015 ολς
424 1964 500 2008 ἐκεῖθεν
514 1960 578 2006 καλτδ
589 1959 788 2010 δόνασθαιταόταιι

51 2036 126 2093 ἔχουσι’
142 2034 275 2079 διαστέλλεται
285 2034 306 2079 δὲ
316 2034 366 2092 πρός
381 2034 405 2079 τό
419 2038 482 2079 ποιάν
495 2033 518 2078 τό
532 2032 580 2084 θεὸς
593 2033 626 2076 καί
640 2031 716 2089 θρόνος
729 2033 763 2076 καί

50 2108 151 2166 βασιλείας
169 2105 252 2166 ῥάβδος,
275 2105 288 2152 ά
307 2105 372 2152 πάντα
390 2110 424 2165 τής
441 2103 534 2151 άνωτάτω
552 2107 608 2161 τιμής
625 2105 692 2149 τεκαὶ
707 2103 762 2158 άξίας

51 2179 152 2238 σύμβολα·
174 2181 208 2224 καί
222 2179 261 2238 γάρ
276 2178 298 2224 τό
313 2178 362 2231 θεὸς
375 2178 412 2237 τήν
426 2176 519 2223 ἀνωτάτω
534 2178 622 2234 σημαίνει
637 2175 707 2233 φάσιν,
729 2178 763 2220 καί

50 2250 61 2296 δ
77 2251 152 2309 θρόνος
171 2253 204 2297 καί
222 2251 234 2308 ή
252 2251 327 2309 ῥάβδος
345 2251 384 2296 άπὸ
402 2254 442 2296 τῶν
460 2250 593 2304 άυθρωκίνωυ
607 2249 639 2291 καί
653 2248 676 2292 τό
690 2248 763 2304 ταύτης

52 2322 135 2382 βέβαιον
151 2325 280 2381 παρίστησιν
302 2321 344 2368 εἶτα
362 2323 396 2367 καί
413 2324 440 2373 είς
456 2319 491 2365 τόν
509 2322 571 2364 αίοίυα
584 2322 620 2362 τοιλ
638 2320 718 2371 αίτόνος·
740 2318 790 2363 τίοι

51 2396 87 2452 μὲν
101 2395 139 2453 γάρ
154 2400 218 2440 ποιεῖν
238 2394 278 2440 άπὸ
293 2399 365 2453 καιροά
379 2392 466 2450 εἶναιτὸ
480 2386 554 2449 ήρχθαι
568 2393 655 2435 δείκνυσι
671 2389 719 2443 τούς
732 2409 761 2448 γε·

50 2466 143 2524 γουότας,
158 2473 218 2512 τουτο
233 2468 255 2512 δὲ
269 2467 292 2512 τό
307 2473 342 2525 τῆς
356 2466 455 2524 βασιλείας
469 2462 534 2507 άίδιον
548 2464 670 2520 παρίστησιν.

92 2543 109 2594 λ,
125 2545 144 2585 9.
174 2541 242 2585 Iesum
260 2543 312 2586 enim
331 2541 377 2584 dicit
397 2554 408 2581 a
425 2536 533 2586 Nazareth,
557 2549 615 2592 quen]
633 2538 692 2580 unxit
710 2538 764 2581 Deus

97 2731 122 2762 ιι,
134 2725 151 2759 ι,
164 2725 191 2758 τι.
203 2735 219 2768 ρ,
232 2726 269 2761 ιιι,
291 2724 310 2759 υ.
323 2720 341 2757 ει
352 2698 397 2767 φησι
421 2728 446 2754 ιι.
458 2721 506 2752 Rom,
517 2720 537 2756 ι,
550 2720 575 2751 ιι.
599 2726 624 2750 ιι.
638 2718 679 2752 εει,
692 2722 710 2758 ι,
722 2720 737 2753 3,
749 2721 764 2752 ι,

52 2795 77 2819 με.
90 2786 147 2820 0:01:
160 2796 176 2828 p.
189 2786 225 2818 132.
238 2785 275 2829 (Q)
289 2785 307 2818 Θ.
321 2791 365 2827 φησι.
392 2788 417 2813 5³.
430 2781 466 2812 Act.
479 2780 495 2813 G.
508 2779 525 2811 G.
538 2779 559 2810 ss.
571 2780 599 2811 IV.
612 2779 639 2812 32.
652 2779 696 2822 (νίς.
709 2780 764 2812 Conse.

52 2847 90 2889 θλ,
103 2846 159 2889 Pelag.
171 2846 192 2879 ΙΙ,
204 2856 242 2888 pap.
255 2856 281 2888 ep.
294 2846 314 2878 αιλ
327 2844 350 2876 El.
363 2842 373 2874 l.
386 2841 396 2873 Ι.
408 2850 424 2882 p.
436 2837 480 2884 αλλ)
494 2839 582 2872 »Eiusdem
594 2848 613 2871 ex
626 2843 719 2872 commento
731 2840 763 2880 epi*

52 2909 106 2941 stolae
118 2909 139 2940 ad
151 2907 254 2941 Hebraeos.«

658 2962 677 2993 11
