1723 3073
207 131 229 166 IN
241 130 364 168 EPISTOLAM
375 134 382 167 l
394 131 423 166 ΑΙ)
436 132 571 168 CORINTHIOS.
594 175 596 178 Α
717 128 749 164 117

31 235 53 280 δέ
71 236 104 281 καὶ
121 232 162 281 άπὸ
179 240 214 294 τῆς
234 235 338 292 άσθενείας
354 242 389 298 τῆς
408 238 499 298 φάσεως,
519 237 640 294 σπουδάζειν
657 236 694 296 μέν
712 234 749 294 ὅση

32 306 117 365 δύναμις
132 307 241 366 άπέχεσθαι
255 315 364 369 προσῆκεν·
381 312 479 369 ἐπιμέλεια
490 312 529 371 γάρ
539 311 610 371 άρετης
624 311 657 356 καί
671 307 684 368 ἦ
698 314 749 354 καθ-

31 379 114 440 ημερινὴ
132 385 169 426 τοῦ
186 383 232 440 βίου
250 382 318 441 μελέτη
336 385 431 430 ἐλαττοῦν
450 384 474 429 τά
495 389 578 431 τοιαῦτα
596 383 682 430 δόναται
698 379 748 428 πάν-

31 467 81 505 τως·
103 449 256 510 περιπίπτοντας
272 454 293 499 δέ
307 462 348 508 τοῖς
361 455 461 508 τοιούτοις
475 455 513 501 οῦκ
527 455 642 515 ἀποστερεῖν
656 459 697 501 τῶν
711 473 748 513 μν-

32 526 117 583 στηρίων
131 524 194 570 καλόν
209 525 302 584 ἓαυτοῦς,
322 528 427 586 προστένειν
441 528 463 572 δέ
477 531 553 573 πλείονι
566 534 594 591 τῶ
609 528 676 592 φόβῳ,
694 533 749 586 λυγι-
767 537 775 565 ⁵

32 596 128 656 ζομένους
146 597 182 655 μέν
202 596 268 644 αῦτῶν
286 599 308 645 τό
326 601 420 658 μέγεθος,
442 601 575 658 ποιουμένους
592 602 613 647 δέ
628 601 656 647 ἐπ’
672 602 748 646 έλπίσιν

32 669 121 728 άγαθαῖς
134 669 171 729 τὴν
186 669 306 728 μετάληψιν,
322 671 349 724 ῶς
364 671 390 716 άν
402 673 435 715 καί
446 670 535 728 άφέσεως
544 671 591 730 ἡμῖν
602 674 678 719 ἐκεῖθεν
687 686 748 731 προσ-

32 741 146 800 γινομένης,
166 740 214 787 όταν
233 741 352 801 άπεχάμεθά
366 761 389 800 γε
402 742 480 789 τούτων
494 743 544 789 κατά
559 743 645 803 δῦναμιν
661 747 695 791 καί
708 749 748 790 τῶν

33 818 109 858 λοιπῶν
123 813 150 870 με)
166 819 323 870 καταμελοῦντες
334 816 468 871 φαινοίμεθα,
483 818 515 858 καί
525 815 564 873 μὴν
574 818 605 860 καὶ
616 821 749 873 πνευματικῆς

34 886 149 943 συνεργείας
169 884 219 943 πρός
240 883 384 943 εὐμαρεστέραν
406 889 442 931 τοῦ
463 889 508 949 βίον
526 886 662 944 κατόρθωσιν·
683 888 775 933 πάνταιι

34 957 73 1018 γάρ
89 956 127 1002 όσα
137 956 170 1002 διά
179 961 216 1002 τοῦ
226 957 318 1003 θανάτου
328 957 461 1016 προσγέγονεν
471 957 519 1017 ῦμῖν
528 964 565 1005 τοῦ
575 964 672 1019 Χριστοῦ,
686 964 749 1006 ταῦτα

34 1032 67 1074 καὶ
82 1029 122 1075 άπό
136 1034 176 1074 τῶν
192 1029 298 1088 συμβόλων
308 1030 440 1075 ἐπιτελεῖσθαι
449 1034 485 1076 τοῦ
498 1030 590 1077 θανάτου
600 1034 685 1083 δίκαιον,
700 1031 749 1076 ῶστε

34 1102 72 1160 έγῶ
91 1103 174 1161 θαρρῶν
192 1106 266 1161 ε’ίποιμι
286 1102 319 1158 άν,
341 1103 371 1148 ότι
388 1102 426 1149 κάν
444 1103 469 1149 τά
487 1103 568 1161 μέγιστά
585 1121 614 1156 τις
632 1102 749 1162 ἡμαρτηκὼς

34 1172 136 1233 τυγχάνοι,
158 1174 268 1233 δοκιμάσας
283 1175 304 1220 δέ
318 1174 382 1234 πάσης
397 1174 474 1221 άτόπου
488 1169 577 1235 πράξεως
591 1175 699 1234 άπέχεσθαι
712 1179 750 1221 τοῦ

35 1251 107 1292 λοιποῦ
126 1249 159 1291 καί
179 1248 257 1304 βλέπειν
275 1251 302 1299 είς
318 1247 400 1305 άρετην,
420 1247 538 1298 άκολοόθως
552 1255 594 1299 τοῖς
608 1247 677 1304 νόμοις
694 1254 776 1291 πολι-ιι

35 1317 143 1376 τευόμενυς
157 1322 194 1363 τοῦ
209 1323 306 1374 Χριστοῦ,
328 1319 364 1377 τὴν
380 1323 421 1364 τῶν
439 1322 553 1378 μυστηρίων
570 1319 680 1377 μετάληψιν
694 1319 751 1377 πυιη’-

36 1403 92 1435 σαιτο
110 1391 164 1435 πάνυ
182 1390 315 1443 πεπιστενκῶς
335 1389 429 1436 ἁπάντων
446 1391 546 1449 λήψεσθαι
565 1391 602 1448 τὴν
617 1390 750 1449 συγχώρησιν,

36 1462 130 1527 οὐδαμῶς
144 1461 272 1517 άποτεόξεται
287 1467 326 1508 τῶν
341 1463 507 1521 πεπιστευμένων.

77 1538 124 1592 ΧΠ,
141 1542 158 1581 1.
186 1535 239 1581 ’Am
253 1540 289 1581 τοῦ
304 1535 357 1581 θέλω
371 1534 424 1594 ῦμάς
438 1537 471 1581 καὶ
485 1540 525 1581 τῶν
534 1540 674 1593 πνευματικῶν
686 1548 753 1593 χαρισ-

37 1607 104 1666 μάτων
112 1607 184 1653 είδέναι
194 1607 231 1666 τὴν
242 1607 307 1663 τάξιν,
319 1608 368 1653 ῶστε
377 1609 476 1667 βούλομαί
483 1626 501 1653 τι
510 1609 543 1654 καί
550 1610 594 1665 περὶ
601 1608 678 1653 τούτων
686 1610 753 1653 εἰπεῖν.
760 1620 780 1648 εί

79 1684 125 1738 XII,
143 1687 173 1727 10.
203 1682 332 1740 Προρητείιιν
350 1681 371 1725 δέ
391 1693 453 1738 φησιν
471 1679 523 1726 εἶναι
536 1680 573 1739 τὴν
586 1685 626 1727 τῶν
643 1679 754 1739 μελλόντων

37 1752 755 1811 ωψωωλψωῶωῶῶῶψῇὼωῶω-

38 1825 134 1884 λεῦμασιν
149 1825 213 1882 άδηλα
228 1825 276 1869 όντα
291 1830 332 1877 τοῖς
347 1829 428 1877 πολλοῖς
441 1827 511 1880 εἰπεῖν,
527 1822 577 1869 άλλά
592 1823 632 1883 μὴν
646 1824 679 1868 καί
693 1823 716 1869 τό
730 1822 755 1868 τά

38 1897 192 1956 παρεληλυθότα
206 1898 239 1941 καί
254 1895 382 1953 άγνοοῦμευα
396 1902 438 1948 τοῖς
452 1900 500 1940 πάσι
515 1898 629 1953 δυνηθῆναι
644 1898 714 1951 εἰπεῖν,
729 1893 756 1947 ῶς

39 1975 130 2029 Μωῦσῖχς
145 1967 253 2028 διηγήσατο
268 1968 353 2013 άπαντα.
763 1983 782 2011 ει

82 2043 157 2087 Πολλοί
177 2040 221 2086 τότε
240 2039 273 2085 διά
287 2039 310 2085 τό
325 2043 403 2098 πλῆθος
416 2042 456 2085 τῶν
473 2043 612 2098 πνευματικῶν
629 2038 756 2099 χαρισμάτων

40 2114 171 2174 ὑπεκρίνοντο
185 2113 222 2172 τὴν
236 2112 338 2171 εὐσέβειαν
353 2114 380 2164 είς
395 2110 472 2169 άπάτην
488 2111 569 2171 ἑτέρων,
584 2113 617 2156 καί
627 2111 651 2171 δη
662 2113 694 2157 καί
704 2110 757 2156 θαό-
777 2147 779 2150 .

40 2204 93 2246 ματα
113 2190 220 2245 δαιμονικῇ
236 2189 261 2245 τῇ
281 2187 383 2246 συνεργείμ
400 2184 516 2243 κεχρημένοι
533 2182 607 2241 ὁμοίως
624 2190 666 2237 τοῖς
680 2189 757 2236 πιστοῖς

42 2261 135 2304 ἐπιτελεῖν
151 2257 246 2303 ἐδόκουν·
263 2256 326 2308 οῦτως
341 2258 360 2301 οί
373 2259 410 2300 τοῦ
420 2259 488 2300 Σκευά
497 2256 537 2299 υἱοί
549 2254 656 2314 περιίχεσαν
668 2255 689 2299 έν
700 2255 757 2314 ἐπορ-

40 2335 114 2376 κιστῶν
137 2328 228 2389 σχήματι,
249 2332 347 2386 δαίμονας
367 2329 401 2373 καί
423 2326 479 2373 αὐτοὶ
499 2326 619 2372 άπελαόνειυ
636 2327 784 2385 προσποιοῦ-ου

42 2421 98 2461 μενοι
113 2407 186 2461 δῆθεν·
201 2398 226 2461 ἦν
241 2397 279 2447 οῦν
293 2400 379 2460 χάρισμα
393 2398 506 2457 πνεύματος
520 2401 552 2444 καί
567 2399 618 2455 πρός
631 2403 691 2443 τοῦτο
709 2398 758 2444 ῶστε

42 2478 160 2535 διακρίνειν,
179 2477 231 2528 τίνες
248 2474 284 2533 μέν
305 2476 324 2518 οί
338 2473 419 2532 άληθῶς
433 2476 457 2532 τῇ
472 2471 556 2530 δυνάμει
570 2475 606 2516 τοῦ
624 2474 682 2515 θείου
699 2470 759 2517 πνεῦ-

43 2566 104 2606 ματος
120 2549 255 2600 ἐπιτελοῦντες
269 2546 293 2592 τά
308 2544 413 2602 θαῦματα,
431 2547 483 2595 τίνες
497 2544 519 2588 δέ
534 2547 554 2588 οἱ
568 2547 675 2604 δαιμονικῇ
690 2556 761 2603 σνυερ

43 2623 86 2682 γείηι
100 2618 258 2679 ὑποκρινόμενοι
271 2618 308 2679 τίχν
323 2616 427 2677 άληθειαν.

90 2740 104 2766 ι.
117 2731 163 2766 δεῖν
176 2729 303 2774 περιπίπτοντα,
327 2709 436 2763 ε,δειι,;άτ’
449 2721 474 2760 άν,
498 2728 521 2760 ib,
534 2728 577 2762 Cata
588 2739 606 2771 γε
617 2727 657 2762 τῶν,
681 2738 707 2764 ιι.
721 2730 761 2764 (ἶνις

44 2788 62 2825 ἐν
74 2788 117 2835 άμῖν,
143 2799 169 2826 τι,
183 2791 228 2825 θοις
238 2788 321 2834 τυγχάνει.
345 2796 370 2822 το.
383 2788 400 2822 V.
412 2784 507 2832 μετάληψιν
518 2788 545 2823 vel
558 2788 627 2831 aliquod
639 2790 694 2824 simile
706 2791 723 2823 in
735 2799 761 2823 co·

2 2881 4 2883 ,
46 2853 82 2886 dice
99 2852 164 2885 excidit.
197 2847 404 2892 ιε.[1.[1τεω,ρ.λλθ.
436 2846 492 2882 ειζίὶ.
508 2848 562 2881 Cram.
579 2860 593 2892 ρ4
611 2851 649 2884 234.
681 2850 761 2887 ναῦται

46 2910 182 2957 προσαγόρευσιν.
206 2912 228 2944 ih,
241 2912 286 2945 θοις
303 2906 383 2953 λέγεσθαι,
409 2916 433 2942 ευ.
446 2909 483 2943 Act,
498 2910 525 2953 λθ,
539 2910 564 2942 1ῖι.
