1773 3073
131 73 163 109 118
352 71 464 106 THEODORI
476 72 628 110 MOPSVESTENI

173 184 221 235 ΧΠ,
236 183 267 224 23,
298 179 429 237 Περιτίθεμεν
442 178 498 225 ἐἶπεν
512 181 545 225 καὶ
561 179 585 226 οὐ
596 184 714 240 περίκειται,
730 178 754 225 οὐ
764 179 803 237 χύρ
813 183 847 238 τής

133 255 209 312 φύσεος
223 250 284 308 μέρος
293 249 317 294 τοί
327 248 459 309 ὑποδήματα,
475 251 516 297 ἀλλ’
527 252 613 312 ὕστερον
623 254 717 312 εὕρηνται
726 252 771 310 παρ’
784 250 847 310 ήμολν.

132 328 170 371 Καί
184 324 207 370 τύ
222 320 326 380 ἀσχήμονα
340 321 397 382 ήμολν
412 323 564 383 εὐσχημοσύνην
578 326 720 385 περισσοτέραν
730 325 776 383 ἔχει,
792 323 816 370 τά
827 324 848 370 δὲ

131 396 241 453 εὐσχήμονα
255 392 313 450 ήμολν
328 393 352 439 οὐ
367 398 434 453 χρείαν
449 396 497 453 ἔχει’
514 396 619 455 ἀσχήμονα
634 397 660 450 ἀς
670 397 720 456 πρὸς
729 396 766 455 τήν
776 395 848 453 κοινήν

116 468 177 520 τύψεν
191 466 295 521 ἀποκαλεῖ,
318 466 367 513 ὥστε
384 472 409 527 τή
426 468 462 526 μὲν
482 468 543 526 φύσει
562 470 599 516 οὐκ
614 470 642 516 έτι
656 469 771 529 ἀσχήμονα,
794 470 848 526 είπερ

130 540 153 598 δή
168 539 310 596 περισσοτέραν
325 539 363 597 ἔχει
377 540 414 598 τήν
429 540 592 600 εὐσχημοσύνην,
612 546 637 601 τῇ
652 543 674 587 δὲ
688 539 788 599 ἀπολήψει
806 558 848 598 κρι-

129 611 203 670 νύμενα
222 610 297 668 λέγεται
317 611 389 668 ούταις,
411 612 457 658 καθ’
480 614 504 673 ήν
523 613 560 659 οὐκ
578 613 730 673 εὐσχημοσύνην
747 611 848 672 τήνάνεν

130 688 192 737 αἰτίας
206 683 310 743 γύμνωσιν
325 685 392 730 αὐτῶν
407 685 458 731 είναι
472 689 583 745 νομίζομεν.

170 760 216 808 XII,
232 760 265 800 27.
296 755 354 800 Ούτα
365 756 389 815 δή
400 759 431 801 καί
442 757 507 816 ὑμεῖς,
523 758 590 817 ἐπειδὴ
600 757 656 813 τάξιν
669 757 744 816 ἀπέχετε
757 756 848 815 σάματος

105 829 151 873 ιοέα
168 826 273 886 διαφόρων
292 828 422 885 σνχκειμένον
442 834 515 886 μελολν,
536 834 561 889 τή
579 830 662 888 δονάμει
679 833 717 875 τού
733 828 848 887 πνεύματος

130 902 157 952 είς
171 900 207 959 τήν
221 903 258 943 τού
273 902 391 944 δεσποτικοῦ
406 900 497 958 σώματος
511 901 643 954 ααταστάντες
657 899 779 959 σονάφειαν·
800 899 849 945 ταύ-

129 989 166 1029 την
181 971 292 1029 ἀναγκαίας
307 971 377 1026 σώζετε
391 972 427 1029 τήν
442 976 572 1030 συμφωνίαν,
588 976 686 1031 μηδεμίαν
701 971 740 1017 ἀπὸ
755 977 789 1030 τής
805 976 848 1017 ιλια-

130 1049 196 1102 φοράς
210 1047 250 1088 τάν
264 1042 392 1103 χαρισμάττον
408 1043 511 1103 ύεχύμενοι
526 1048 649 1104 φιλονεικίας
663 1047 799 1103 παρείσδυσιν.

171 1117 230 1168 XW,
248 1122 266 1160 1.
294 1116 346 1161 Ἀντί
364 1121 401 1161 τού
420 1116 505 1174 μάλιστα
523 1119 559 1176 μέν
573 1117 626 1176 ὐμύς
640 1123 675 1176 τής
690 1116 768 1175 ἀχάπης
783 1118 848 1175 ἐπιμε-

106 1194 209 1234 ιελεῖσθαι
223 1186 332 1246 βούλομαι,
348 1191 365 1233 εί
380 1187 397 1233 δ’
412 1188 451 1248 ἀρα
467 1191 501 1234 καί
514 1194 555 1235 τῶν
568 1194 707 1248 πνευματικῶν
721 1189 848 1248 χαρισμάτων

132 1262 219 1320 ἐφίεσθε,
240 1259 278 1305 κάν
296 1264 359 1318 μνάτε
378 1267 427 1306 ποία
444 1263 555 1318 κρείττονα,
576 1263 610 1307 καί
627 1261 658 1308 ὅτι
674 1261 697 1308 τὸ
714 1260 849 1320 προφητεύειν

132 1334 213 1391 ἀμεινον
227 1336 264 1377 τού
278 1332 357 1392 χλούσσχ
372 1338 445 1378 λαλεῖν,

171 1407 219 1457 XV,
238 1410 255 1450 1.
271 1410 289 1450 2.
318 1408 344 1450 Εί
363 1405 401 1464 χάρ
422 1404 561 1463 εὐηχχελίσατο
580 1408 612 1452 καὶ
631 1407 746 1466 παρέλαβον
759 1408 792 1451 καί
809 1405 849 1464 μήν

130 1479 163 1522 καί
176 1477 293 1534 κατέχουσιν
308 1477 346 1530 έτι,
362 1482 421 1522 τούτο
435 1476 474 1536 μάρ
490 1479 530 1522 ἐστι
544 1477 567 1522 τύ
583 1479 605 1523 έν
619 1473 636 1539 ᾧ
650 1480 683 1523 καί
698 1478 799 1536 ἑστήκατε,
815 1496 848 1522 πε-

104 1550 197 1608 εοριττύν
214 1547 237 1594 τὸ
252 1549 295 1604 περί
310 1548 384 1594 τούτου
398 1549 493 1608 χράφειν,
514 1552 530 1594 εί
549 1549 576 1608 μή
596 1549 636 1609 ἀρα
654 1551 726 1596 ἐκείνοι
739 1555 767 1611 τῷ
783 1553 849 1595 δοκεῖν

130 1621 153 1666 τά
171 1620 295 1680 χριστιανικά
314 1621 429 1679 κατέχοντες
448 1621 549 1679 δόχματα,
572 1622 604 1665 ἐπί
622 1625 662 1665 τῶν
684 1620 806 1681 πραχμάταν
824 1621 849 1665 τοί

131 1696 209 1739 ἐναντία
224 1695 332 1751 φαίνονται
346 1693 490 1750 ἀσπαζόμενοι1
513 1693 563 1738 ὅθεν
583 1697 648 1745 καλῶς
666 1693 764 1751 έπήχαμεν
781 1693 804 1739 τύ
824 1693 848 1738 δι’

131 1761 155 1810 ού
169 1767 202 1810 καί
216 1763 313 1819 σώζεσθε,
330 1763 374 1810 ἀντί
388 1769 425 1810 τού
440 1765 493 1810 ούτω
508 1765 605 1823 κατέχετε,
621 1764 648 1817 τίς
663 1764 689 1810 ἀν
703 1767 736 1809 καί
751 1768 849 1824 σωτηρίας

131 1844 196 1895 τνχείν
215 1838 324 1890 ἐλπίζοντες
343 1836 376 1881 ἀπ’
397 1831 471 1882 αὐτού·
492 1837 514 1882 τύ
530 1837 552 1882 δέ
566 1839 605 1882 τίνι
619 1836 672 1899 λύμφ
693 1836 849 1895 εύημ-χελισάμην

105 1906 188 1965 εσύμίν,
204 1908 248 1954 ἀντί
261 1913 298 1953 τοῦ
312 1912 341 1962 τίς
356 1907 366 1953 ὁ
382 1909 457 1962 σκοπὸς
471 1914 508 1954 τού
523 1909 648 1967 εὐαχχελίον,
663 1913 692 1963 τίς
706 1908 718 1968 ή
734 1912 797 1962 αίτία,
815 1912 849 1954 ίνα

132 1981 154 2025 τὸ
171 1982 206 2038 μέν
222 1978 336 2038 εὐαγγέλιον
350 1976 364 2041 ᾗ
378 1986 415 2027 τού
430 1986 519 2041 Χριστού
538 1980 550 2039 ή
569 1980 686 2037 ἀντίστασις,
706 1980 717 2026 ύ
736 1982 758 2027 δὲ
775 1980 849 2026 τούτου

133 2052 206 2105 σκοπὸς
219 2052 242 2097 τύ
257 2057 360 2098 πιστεύσαι
377 2053 407 2098 ὅτι
421 2056 455 2099 καί
469 2054 541 2107 πάντες
557 2053 711 2113 ἀναστησόμεθα
731 2053 850 2106 ἀκολύύύας

134 2126 205 2187 ἐκείνην.

173 2201 236 2253 Ε’ίπερ
252 2196 275 2255 δή
290 2197 378 2256 κατέχετε
392 2200 424 2243 καί
439 2198 466 2257 μή
482 2198 601 2255 ἀπεβάλλετε
618 2198 694 2252 πάντα,
710 2198 744 2252 ,τίς
762 2198 788 2245 ἀν
808 2202 850 2259 είκή

109 2270 280 2322 αοτεπιστενκύτες
294 2278 335 2323 τοῖς
350 2270 395 2329 παρ’
410 2270 467 2329 ήμῶν
482 2277 587 2329 λεχθεῖσιν.

175 2343 221 2396 XV,
236 2347 267 2386 45.
300 2342 327 2386 Τὸ
347 2343 423 2400 ἐγένετο
443 2342 454 2387 ὁ
473 2343 582 2401 ἅνθρωπος
605 2347 632 2395 είς
650 2343 717 2401 ὐνχήν
738 2348 803 2397 ζῶσαν
820 2344 852 2401 με’-

135 2429 226 2468 χραπται,
241 2413 264 2457 τύ
280 2415 300 2459 λέ
315 2414 326 2459 ὁ
341 2420 419 2473 πρῶτος
432 2418 465 2460 καί
480 2416 503 2461 τύ
522 2416 614 2475 δεύτερος
626 2415 690 2473 Ἀὂύμ
704 2415 766 2467 αὐτὸς
780 2417 851 2475 προσέ-

135 2489 204 2539 θηκεν,
219 2488 251 2529 ίνα
266 2488 309 2545 ελπη
324 2485 346 2531 τύ
362 2487 443 2546 ἔσχατος
456 2486 523 2546 Ἆιλάμ.

178 2556 223 2607 XV,
240 2562 270 2601 52.
297 2557 392 2618 Έσχάτην
409 2560 507 2619 σάλπιχχα
528 2562 618 2607 ἐνταῦθα
638 2561 738 2614 έκάλεσεν,
760 2561 805 2619 μεθ’
825 2562 851 2621 ἢν

111 2636 129 2665 35
138 2625 252 2671 ἀνίστανται
266 2629 359 2686 ἀπαντες,
375 2632 425 2690 αὐτη
439 2633 478 2691 χάρ
492 2633 504 2692 ή
520 2639 556 2679 τοῦ
568 2633 663 2680 θανάτον
673 2633 802 2692 κατάρνησις·
817 2637 851 2692 δή·

185 2794 196 2816 ι.
210 2786 227 2817 G.
244 2786 296 2818 eram.
313 2798 327 2828 ρ.
344 2790 382 2822 239.
414 2799 427 2823 ο.
441 2794 459 2826 (2.
476 2793 530 2826 cram.
547 2803 562 2834 ρ.
579 2794 616 2825 κάκΔ
649 2801 674 2826 τι.
687 2795 703 2827 G.
717 2793 771 2828 cram.
784 2803 799 2835 p.
812 2795 850 2828 259.

140 2852 163 2877 ιε.
177 2844 194 2877 λὶ.
208 2844 260 2878 Eram.
274 2856 289 2885 ρ,
302 2845 339 2880 283,
364 2857 388 2880 οι,
401 2850 417 2881 G.
430 2850 483 2884 (Iram.
497 2863 510 2893 ρ.
525 2853 563 2884 323,
588 2861 612 2884 οι.
626 2854 643 2886 (I.
656 2856 710 2887 (Iram.
724 2864 739 2896 p.
752 2853 789 2887 331.
