1723 3073
213 101 235 134 IN
247 100 370 136 EPISTULAM
382 100 410 133 ΑΙ]
424 100 582 136 PHILIPPENSES.
723 94 754 130 '139

38 202 130 262 κῆρυγμα
144 202 210 263 ῆμάν,
234 204 278 249 άντὶ
293 209 330 250 τοῦ
350 205 410 251 οὐδέν
429 208 461 250 καὶ
480 208 562 251 εἰκαῖον
582 204 605 250 τό
625 199 663 249 οῦν
682 201 755 247 ἑαυτὸν

40 276 144 332 ἐκένωσεν,
166 277 208 323 άντ)
227 282 264 322 τοῦ
284 277 321 323 οὐκ
336 279 408 333 ἐδειξεν
422 278 503 325 ἑαυτόν
524 277 607 336 μορφῆν
624 276 663 334 γάρ
679 273 755 320 δοῦλον

40 347 107 407 λοβόν
121 347 158 407 τὴν
174 348 231 403 άξίαν
246 350 322 408 ἐκείνην
338 349 460 410 ἀπέκρυψεν,
482 354 541 396 τοῦτο
556 356 597 403 τοῖς
612 347 686 407 δρῶσιν
703 344 754 392 εἶναι

39 419 178 478 νομιζόμενος,
194 420 242 478 ὅπερ
258 422 356 479 ἐφαίνετο,
485 429 486 432 ’

81 495 117 547 ΙΙΙ,
135 501 151 538 i.
167 499 185 539 2.
205 492 310 539 Ἐντεῦθεν
320 495 399 552 άρχεται
408 498 448 539 τῶν
459 495 480 539 ἐκ
489 498 594 553 περιτομῆς
603 491 752 544 καθάπτεσθαι,
772 513 780 539 ε

40 566 59 608 ο)
78 567 155 610 πείθειν
174 564 248 618 αὐτοῦς
266 567 371 624 ἐπειρῶντο
392 566 442 612 κατά
461 566 523 625 νόμον
543 571 583 626 ζῆν.
615 571 648 628 Τῷ
661 566 686 611 τά
701 564 753 610 αῦτά

39 633 125 693 γράφειν
140 635 176 694 οῦχ
191 635 218 689 οδς
232 639 265 682 καί
279 637 317 695 ῆδη
331 637 410 696 γράψας
424 637 485 694 λέγει,
507 637 597 696 οὐδαμοῦ
610 638 648 696 γάρ
663 642 697 696 τῆς
712 637 753 681 ἐπι-

40 712 110 766 στολῆς
125 711 217 765 φαίνεται
231 711 275 766 περί
290 709 356 754 αὐτῶν
372 708 445 764 είπάν,
468 699 535 765 έτέράν
550 710 571 755 δέ
585 710 615 755 ότι
628 710 753 767 χεγράφηκεν

40 777 91 838 πρός
101 778 176 832 αὐτοῦς
186 780 291 839 έπιστολῆν
302 780 418 838 οὐδαμόθεν
428 780 538 838 ἐμάθομεν,
555 780 593 826 ἀλλ’
605 780 631 834 ῦς
644 782 753 838 διαλεχθείς

41 850 110 903 αὐτοῖς
129 850 193 896 πολλά
210 853 254 908 περί
274 851 350 897 τοῦτων
369 852 401 897 ὅτε
419 857 485 910 παρῆν
505 858 564 898 τοῦτο
581 852 640 910 λέγει,
661 853 689 898 ότι
709 854 779 910 ἐμοίικ

40 924 85 981 περί
100 918 129 968 ὧν
142 921 191 981 ῦμίν
205 924 320 982 διελέχθην,
340 925 384 983 περί
403 929 442 970 τάν
460 924 532 970 αὐτῶν·
545 926 577 969 καί
594 925 678 982 γράφειν
694 924 753 977 όκνος

42 994 116 1047 οὐδεὶς,
137 995 241 1053 ἐπειδῆπερ
256 994 367 1052 άσηιάλειαν
381 994 429 1052 ῦμίν
443 995 455 1052 ι)
470 996 559 1053 συνέχεια
573 997 652 1053 παρέχει
666 1000 705 1040 των
719 998 753 1052 ῥη-

41 1064 115 1123 μάτων.
145 1065 215 1119 Κάνος
229 1067 250 1111 δέ
265 1066 340 1119 αὐτοῦς
354 1072 409 1112 καλεῖ
423 1066 449 1119 ὡς
464 1066 608 1124 άναισχόντους
617 1069 650 1111 καί
658 1066 753 1128 πολλάκις

42 1137 179 1195 ἐλεγχθέντας,
201 1137 231 1196 ἐφ’
252 1137 282 1191 οἷς
299 1137 323 1183 οῦ
342 1143 406 1191 καλῶς
425 1137 565 1194 διδάσκουσιν,
586 1139 712 1196 ἐπιμένοντας
731 1139 753 1184 δέ

42 1209 105 1264 ὅλως,
127 1209 202 1262 κακοῦς
221 1210 242 1256 δέ
262 1210 352 1267 ἐργάτας,
375 1209 401 1263 άς
421 1210 445 1255 οῦ
465 1211 489 1256 τά
508 1210 634 1269 προσῆκοντα
654 1210 779 1261 διδάσκεινικ

42 1281 197 1335 ἐσπουδακότας.
654 1341 656 1344 v

83 1358 120 1407 ΙΙΙ,
137 1359 155 1399 3.
186 1357 211 1398 Oi
230 1354 335 1412 άσάματον
355 1360 382 1415 τῆ
401 1360 442 1417 θεῷ
459 1356 496 1413 τῆν
510 1358 601 1412 λατρείαν
617 1353 753 1407 άποδιδόντες,

9 1445 10 1448 ’
41 1426 106 1482 ὥσπερ
122 1421 159 1470 οῦν
173 1430 275 1485 προσῆκον
290 1428 351 1478 ἐστίν,
367 1428 400 1473 καὶ
414 1426 539 1485 καυχώμενοι
554 1428 585 1471 ἐπί
599 1431 626 1487 τῷ
637 1431 716 1488 Χριστῷ
728 1431 755 1489 τῷ

41 1496 119 1544 τούτων
133 1496 181 1557 ῆμίν
196 1500 251 1560 ιιίτίην
265 1498 364 1558 γεγονότι,
386 1498 410 1545 οῦ
427 1499 467 1558 μὴν
486 1501 508 1545 ἐν
524 1506 566 1552 τοῖς
583 1500 627 1555 περί
641 1498 678 1558 τῆν
692 1498 756 1558 σάρκα

43 1571 79 1629 τῆν
93 1571 194 1630 εὐσέβειαν
209 1570 327 1631 ὁριζόμενοι.
763 1596 781 1622 ιο

82 1647 119 1700 ΙΙΙ,
136 1646 154 1690 7.
189 1644 216 1690 Τό
235 1639 261 1703 ῆν
282 1647 308 1697 είς
326 1644 421 1690 σῦστασιν
441 1650 477 1689 τοῦ
495 1645 542 1689 ποτέ
561 1646 644 1703 κέρδους
663 1645 701 1703 ἐχει
719 1645 756 1703 τῆν

42 1717 86 1771 περὶ
101 1720 164 1761 ταῦτα
179 1715 275 1774 σκουδῆν.

82 1791 119 1843 ΙΙΙ,
136 1794 228 1834 ίθ-Ιί.
258 1787 356 1833 Βοάλεται
374 1787 414 1833 άπό
431 1792 478 1832 τοῦ
498 1787 522 1832 τά
540 1786 590 1833 αῦτά
607 1787 693 1846 γράφειν
709 1787 757 1846 ῦμίν

42 1860 84 1917 ἐμοὶ
101 1860 138 1917 μέν
155 1860 193 1905 οῦκ
212 1860 310 1918 ὀκνηρόν,
334 1859 358 1904 δι’
377 1859 426 1905 ὅλον
443 1862 537 1919 περὶτοῦ
551 1859 578 1918 μῆ
593 1862 634 1904 δεῖν
652 1863 758 1905 πείθεσθαι

41 1939 83 1982 τοῖς
102 1932 152 1975 κατά
165 1931 230 1989 νόμον
245 1931 292 1989 ῆμῖν
307 1932 443 1989 διαλέγεσθαι·
465 1935 525 1974 τοῦτο
542 1930 580 1989 γάρ
601 1932 653 1976 ἐστιν
672 1932 683 1976 ό
698 1945 784 1990 onom

41 2008 163 2062 γεγενῆσθαι
178 2003 265 2061 έμαυτδν
280 2004 301 2047 έν
315 2006 340 2062 τῆ
350 2002 437 2062 άληθινῆ
447 2001 552 2060 τελειότητι
563 2001 600 2046 οῦκ
610 2002 757 2061 ἀποφαίνομαι,

45 2075 125 2120 οὐδέπω
144 2075 183 2133 γάρ
205 2076 226 2121 ἐν
248 2074 357 2120 άπολαῦσει
376 2078 416 2119 τῶν
437 2075 609 2133 προσδοκωμένων
628 2075 757 2132 κατέστημεν,

41 2147 82 2193 άλλ
103 2147 157 2206 δ’μως
171 2147 229 2201 είδιδς
244 2148 324 2192 ἐκείνων
338 2146 361 2191 τό
375 2146 470 2205 μέγεθος,
488 2151 528 2192 τῶν
541 2147 578 2204 μέν
592 2152 682 2192 παλαιάν
696 2146 758 2192 άπάν-

43 2238 83 2265 των
102 2219 175 2265 οῦδένα
194 2224 291 2279 ποιοῦμαι
311 2219 381 2276 λόγον,
403 2218 454 2278 πρός
474 2219 496 2264 δέ
514 2219 538 2264 τά
556 2219 652 2277 μέλλοντα
671 2221 758 2277 ἐμαυτοῦ

90 2342 103 2365 1.
115 2334 125 2365 1
138 2333 176 2366 Cor.
188 2333 218 2375 15,
227 2333 253 2365 ili.
279 2341 292 2365 ε.
305 2333 322 2366 C.
335 2333 363 2366 Cr.
376 2344 392 2374 μ.
402 2332 440 2366 268.
453 2329 487 2376 (Θ.)
500 2325 559 2370 ’Ἄλλος
571 2329 590 2365 δέ
602 2340 659 2374 φησιν·
684 2340 709 2364 17.
722 2333 758 2366 ΙΙοο

43 2394 120 2427 scholion
133 2394 163 2426 etsi
176 2402 186 2426 e
198 2393 306 2436 praecedenti
319 2394 335 2426 in
349 2403 363 2426 ο.
375 2393 402 2426 Cr.
415 2403 430 2435 μ
442 2392 474 2425 269
491 2391 580 2424 intervallo
591 2392 692 2424 disiunctum
703 2392 758 2425 eidem

42 2454 134 2488 Theodoro
147 2455 234 2489 vindicare
246 2455 288 2488 hond
302 2455 382 2487 dubitavi.
408 2461 434 2486 τι,
447 2453 463 2486 C.
477 2453 503 2486 Cr.
516 2463 532 2494 p.
541 2452 578 2486 272*
591 2451 627 2494 (o)
639 2450 673 2485 Καὶ
685 2445 733 2491 άλλως
741 2450 759 2486 δὲ

42 2510 106 2558 ὁμοίως
123 2512 186 2558 φησιν’
211 2515 257 2557 Quae
272 2516 331 2548 deindo
347 2514 409 2546 ibidem
425 2513 513 2546 Theodoro
530 2512 626 2545 tribuuntur
643 2512 757 2554 chrysostomi

43 2578 121 2611 sunt,11t
134 2575 168 2606 iarn
179 2576 245 2606 monuit
257 2575 311 2607 Crnm.
336 2580 360 2605 ει,
373 2573 390 2604 C.
404 2573 430 2604 Cr.
443 2582 460 2612 p.
472 2573 509 2604 276.
523 2570 559 2612 (Θ.)
575 2569 643 2614 Ταόκην
655 2567 759 2616 δέτὴνέξῆ-

40 2643 89 2677 γησιν
102 2630 192 2676 Θεόδωρος
205 2629 226 2666 ον’
238 2631 332 2676 προσίεταν
345 2628 423 2676 βούλεται
435 2628 467 2673 γάρ
477 2651 500 2663 -.
519 2630 595 2672 intellige
603 2630 759 2672 interpretationem

41 2692 157 2734 Chrysostomi
169 2696 186 2724 et
198 2693 294 2730 severiani,
312 2701 381 2734 qnorum
393 2691 445 2722 aiter:
465 2685 496 2723 οῦκ
508 2686 617 2732 ἀσχολοῦμαι,
630 2692 693 2734 inquit,
706 2690 729 2731 εἰς
740 2689 759 2725 τό

41 2748 201 2796 ἀναμιμνήσκεσθαι
211 2749 251 2792 τοὺς
264 2748 331 2796 άγιῦννς
343 2762 374 2793 μου
386 2747 425 2790 τοὺς
433 2746 561 2793 παρελθόντας,
574 2745 607 2784 citt'
620 2749 642 2791 εἰς
651 2750 670 2785 τὸ
679 2751 760 2795 μεριμνᾶν

41 2812 58 2845 τί
65 2810 172 2856 κατορθώσω
185 2811 207 2851 εἰς
218 2811 239 2846 τά
252 2810 295 2856 ἑξῆς.
320 2818 344 2845 νσ.
358 2812 373 2845 C.
388 2812 423 2844 Cn:
435 2806 476 2853 ιἡμῖν
489 2806 665 2856 αῦτοῖςβουλομένοις,
683 2814 758 2845 Fortasse

41 2873 73 2916 ieg.
86 2868 97 2917 ῆ
110 2886 126 2907 τι.
139 2871 188 2907 εἴκειν
201 2872 236 2915 [voi
249 2868 356 2907 intromisi
366 2868 476 2915 similequio}
488 2870 539 2915 βονλ,
552 2867 584 2904 nisi
597 2872 644 2913 μΙιιιει
657 2873 757 2906 exciderunt.
