1773 3073
121 72 153 109 136
176 54 287 109 ΤΗΕΟΒΟΒΙ
299 74 450 109 MOPSVESTENI
462 73 483 108 ΙΝ
496 72 620 108 EplsTOLA'M
632 73 661 107 ΑΙ)
673 73 779 107 EPHESIOS.

122 179 172 224 αῦτό
188 181 240 224 ἐστιν
254 177 265 223 ὁ
281 177 355 236 σωτὴρ,
377 177 422 223 άντί
436 182 472 223 τοῦ
487 176 498 222 ὁ
513 178 550 236 τὴν
565 181 630 223 αἰτίαν
648 177 799 236 παρασχόμενος
813 196 837 236 ιη

123 250 215 298 συστάσει
228 253 266 295 τοῦ
281 248 443 309 ἐκκλησιαστικοῦ
458 249 558 309 σώματος,
573 250 648 310 ταῦτηυ
658 249 767 309 ἐπίηειτην
781 248 837 304 τάξιν

121 323 132 369 δ
147 322 197 380 άνὴρ
211 325 234 380 τῇ
249 323 337 379 γυναικί,
353 322 387 368 άτε
402 321 426 380 δὴ
441 321 464 367 τά
479 320 530 367 εἶναί
544 339 565 368 τε
579 324 612 368 καί
627 321 746 368 συνεστάναι
761 322 837 367 ἐκεῖθεν

120 392 214 453 λαβούσῃ.

105 482 113 507 ι
160 469 186 521 V,
203 472 235 511 30.
258 465 336 525 Ὥσπερ
355 467 414 525 μέλος
434 466 511 525 ἐγένετο
531 472 567 513 τοῦ
586 456 648 524 Ἀδάμ
665 465 677 525 ἡ
696 465 747 524 γυνὴ
763 466 784 511 ἐκ
798 470 837 512 τῶν

120 540 183 585 ὀστῶν
202 537 266 583 αῦτοῦ
283 541 315 584 καὶ
335 541 356 584 ἐκ
376 543 411 597 τῆς
426 538 500 599 σαρκδς
515 538 579 585 αὐτοῦ
593 544 705 598 ληφθεῖσα,
727 537 791 591 οῦτως
804 540 837 584 καί

118 611 174 668 ἡμεῖς
187 615 225 656 τοῦ
240 614 358 657 δεσποτικοῦ
373 611 464 669 σωματος
479 612 537 669 ἐσμὲν
551 612 608 669 με’λη,
624 611 689 670 ῦίσπερ
705 611 727 655 ἐκ
740 614 776 668 τῆς
790 622 838 669 σαρ-

118 682 153 746 κὸς
167 681 230 727 αὐτοῦ
244 683 277 726 καί
293 682 369 727 ἐκτῶν
384 681 457 728 ὀστέων
472 682 535 728 αῦτοῦ
549 681 659 740 γεγονότες,

159 758 185 811 V,
201 760 234 800 32.
258 753 321 812 Ὅπερ
336 756 397 813 φησίν
412 758 487 814 ε’ίρηται
502 756 523 801 ἐν
538 753 588 814 άρηη
602 757 638 813 της
651 755 782 813 δημιουργίας
793 755 837 812 περί

94 831 158 872 ιλτῦν
172 828 321 883 γυναικῶνκαὶ
335 831 375 870 νῦν
395 827 486 883 ἀνδρῶν,
508 831 568 871 τοῦτο
588 826 735 883 μυστικιίτερον
753 827 783 869 ἐπὶ
801 830 837 869 τοῦ

119 902 207 956 Χριστοῦ
226 898 260 943 καί
279 902 313 956 τῆς
331 897 433 956 ἐκκλησίας
452 896 590 957 πεπλήρωται·
615 895 688 950 πάντες
706 895 744 955 γάρ
764 900 798 954 τῆς
816 896 838 942 ἐκ

119 968 194 1028 πατρὸς
208 971 241 1015 καί
255 968 329 1028 μητρὸς
343 969 453 1029 γεννήσεως
468 970 504 1025 ἔξω
518 968 633 1028 γενόμενοι,
655 968 689 1026 άτε
708 967 732 1027 δὴ
752 969 785 1013 καί
799 974 836 1013 θα-

117 1041 171 1104 νάτῳ
181 1041 312 1101 χωρισθέντες
321 1045 356 1100 τῆς
367 1046 417 1101 ζωῆς
427 1042 513 1101 ἐκείνης,
529 1045 653 1102 πνευματικῇ
666 1044 690 1102 τῇ
707 1039 837 1100 άναγεννήσει

117 1114 154 1172 τὴν
168 1114 278 1159 άνάστασιν
293 1113 400 1171 δεχόμεθα,
416 1113 523 1175 άπορῥητῳ
538 1113 590 1175 λόγῳ
604 1119 633 1175 τῷ
644 1118 724 1175 Χριστῷ
739 1113 836 1158 συναπτό-

93 1203 175 1244 ιιμινοι
191 1187 223 1230 καί
241 1186 278 1244 την
295 1186 346 1243 πρὸς
365 1185 427 1230 αῦτδν
448 1185 555 1244 ὁμοιότητα
575 1180 615 1244 της
630 1185 744 1238 άθανυσίας
765 1185 837 1244 άκριβῆ

119 1257 261 1317 λαμβάνοντες.

159 1333 196 1382 Vl,
214 1336 243 1376 17.
274 1334 343 1383 Καλῦς
357 1330 379 1376 τὸ
395 1330 406 1376 ὅ
421 1331 461 1375 ἐστι
476 1331 530 1388 ῥῆμα
544 1334 595 1375 θεοῦ
610 1332 638 1382 είς
654 1328 779 1388 παράστασιν
799 1334 835 1375 τοῦ

118 1405 207 1447 δυνατοῦ
226 1406 261 1459 τῆς
280 1404 377 1459 ἐνεργείας
396 1406 432 1446 τοῦ
451 1401 574 1459 πνεύματος
596 1403 649 1459 ῥῆμα
663 1400 702 1458 γάρ
716 1406 768 1445 θεοῦ
785 1401 836 1458 λέγει

118 1472 212 1519 άντὶτοῦ
226 1478 277 1519 θεοῦ
292 1473 391 1532 ἐνέργεια,
414 1471 440 1525 ῦς
454 1472 487 1518 τά·
509 1476 537 1534 τῷ
556 1470 608 1534 λόγῳ
625 1473 698 1530 κυρίου
718 1474 738 1517 οί
752 1471 835 1531 οῦρανοί

91 1545 278 1605 ιοέστερεάθησκν,
299 1544 342 1590 άντί
356 1549 393 1591 τοῦ
407 1549 431 1604 τῇ
447 1546 534 1605 ἐυεργείηι
548 1546 581 1589 καί
595 1548 620 1603 τῇ
635 1543 720 1602 δυνάμει
733 1547 770 1589 τοῦ
784 1548 835 1590 θεοῦ

117 1622 180 1663 ταῦτα
195 1618 288 1675 συνέστη
305 1617 368 1670 οῦτως
381 1619 415 1662 καί
429 1616 484 1675 παρά
498 1623 540 1669 τοῖς
554 1616 668 1675 προφήταις
677 1623 740 1661 κεῖται
749 1621 835 1674 συνεχοῦς

117 1689 149 1736 τά·
172 1690 225 1748 ῥῆμα
241 1692 278 1735 τοῦ
292 1693 343 1735 θεοῦ
361 1689 372 1735 δ
391 1689 476 1747 ἐγένετο,
499 1689 532 1734 καί
546 1687 606 1746 λόγος
620 1690 692 1746 κυρίου
707 1688 729 1742 δς
747 1688 834 1746 ἐγένετο,

118 1761 161 1807 άντί
180 1765 216 1807 τοῦ
236 1760 247 1820 ἡ
265 1761 391 1817 ἀποκάλυψις
409 1761 421 1820 ἦ
439 1761 480 1807 κατ’
498 1761 599 1821 ἐνάργειαν
616 1765 653 1807 τοῦ
672 1765 723 1807 θεοῦ
743 1762 835 1807 ἐναποτε-

118 1840 187 1879 θείσα·
201 1833 307 1880 κάυταῦθα
321 1837 390 1880 τοίνυν
405 1838 456 1890 θεοῦ
470 1835 524 1893 ῥῦμα
538 1833 575 1892 την
590 1838 627 1879 τοῦ
641 1833 755 1893 πνεῦματος
769 1833 834 1880 ἐκάλε-

91 1918 151 1951 ιισευ
167 1905 272 1964 ἐνάργειαν.
433 1916 434 1919 ’

162 2037 175 2065 εΔ
188 2031 205 2064 C.
218 2031 244 2063 Gr.
257 2041 272 2072 ρ.
284 2029 321 2063 205.
334 2029 353 2064 Θ.
367 2026 386 2064 δὲ
397 2040 457 2074 φησιν·
483 2031 504 2063 ih.
518 2031 535 2064 C.
548 2030 586 2063 Cn:
597 2025 653 2073 μέρος.
677 2039 691 2064 ιι.
704 2030 722 2063 C,
735 2030 761 2064 Cr.
774 2030 833 2071 p.207.

117 2089 136 2122 Θ.
154 2086 173 2123 δέ
190 2098 249 2133 φησιν·
279 2098 303 2122 ιι.
322 2090 338 2123 G.
356 2090 392 2123 Gn:
411 2085 432 2130 ἕξ,
459 2097 484 2121 17.
500 2091 516 2123 C.
530 2090 555 2122 Cr.
573 2100 591 2130 με
601 2089 638 2122 221.
652 2089 671 2123 Θ.
696 2097 721 2123 κο.
738 2089 762 2123 Ps,
775 2089 804 2127 33,
817 2089 831 2121 6.

117 2156 141 2181 ει.
155 2150 171 2183 Ε.
186 2149 220 2183 [λιιι
233 2144 360 2182 εῦακοτεθεῖσα.
