1723 3073
218 123 240 156 ΙΝ
252 122 374 156 EPISTOLAM
387 121 415 155 An
429 119 537 157 ROMANos
714 114 736 150 έίλ

57 223 136 284 Ἐπειδὴ·
157 225 179 270 δέ
197 227 272 283 είρηται
291 228 313 271 ἐν
332 230 358 287 τῷ
377 228 421 286 περὶ
440 228 513 287 ταύτης
533 226 586 288 λόγῳ
605 229 632 288 τῷ
646 223 735 282 Ἀβραύμ

17 297 65 351 τούς
79 297 98 352 ἐξ
113 297 181 342 ἐθνῶν
194 297 355 356 περιτέμνεσθαι,
377 301 394 344 εί
412 298 443 358 μὴἸ
454 299 502 353 τούς
517 299 556 347 ύπύ
572 297 685 358 σπέρματος
700 294 735 341 αύ-

18 373 54 417 τού
71 371 103 415 καί
123 369 171 423 τούς
190 371 297 426 οἰκογενεῖς
314 372 347 416 καί
364 371 412 424 τούς
432 370 596 431 ἀργυρωνήτους,
611 369 694 429 -ύμοίως
714 370 736 414 δὲ

18 443 49 490 καί
65 442 87 487 έν
100 445 128 503 τῷ
143 444 241 503 Λευίτικηί
255 443 352 498 περὶτῶν
366 445 416 488 υίύν
427 442 505 501 Ἰσραὴλ
520 447 595 502 είρηται
610 442 682 501 μόνον,
699 441 736 486 ούκ

19 512 95 571 ἀνάγκη
123 515 156 557 καί
186 512 234 565 τούς
260 512 399 572 προσηλύτονς
426 513 505 567 τούτοις
533 513 763 573 προσοπακούεσθαι,π5

19 586 59 631 ἐπεὶ
75 584 122 629 οὐδὲ
136 585 161 629 τύ
175 586 219 643 περὶ
233 589 274 629 των
288 589 379 630 Λευιτῶν
393 587 462 636 ι’δικῶς
476 586 661 644 νενομοθετημένα,
682 585 697 644 5¹
711 585 736 630 τοί

19 658 62 716 περί
76 661 117 702 νύν
131 656 209 716 ίερέων,
231 655 244 715 5
257 656 282 702 τοί
296 657 341 715 περὶ
355 661 390 715 τῆς
404 659 509 714 γερουσίας
523 649 685 715 προσυπακούειν
700 657 737 703 αύ-

19 735 60 782 τοίς
74 731 143 775 δίδωσι
157 730 189 775 καί
205 729 294 785 ἑτέρους·
310 728 359 774 ὅταν
373 728 412 787 γδρ
426 730 460 774 καί
474 728 522 781 τούς
535 727 675 788 προσηλύτους
689 730 736 789 βού-

20 803 73 847 λεταί
86 801 288 860 τιδαιπρίιττεσθαι,
308 805 375 853 ίδικεύς
389 802 421 846 καὶ
438 801 505 846 αὐτῶν
519 801 625 859 μέμνηται,
646 801 673 855 ύς
688 802 737 847 ὅταν

20 875 69 929 περί
81 877 155 927 θυσίας
173 875 245 931 φησίν,
268 872 335 931 ύμέλει
352 874 386 918 καὶ
405 871 548 931 συνεστηκότος
561 878 598 918 τού
611 875 764 931 καλουμένουιο

21 945 144 1002 ύγιύσματος
153 945 280 1003 προσέφερον
294 946 327 989 καί
333 943 475 1031 πρρσηλυτρι’
491 942 518 996 ύς
532 946 622 1000 καὶπερὶ
636 949 676 990 τῶν
691 945 737 990 δέκα

21 1021 98 1075 λεπρων
112 1021 152 1062 τῶν
166 1014 338 1076 καθαρθέντωυ
328 1034 343 1061 ο
354 1015 424 1073 κύριος
442 1016 491 1073 έφη
513 1016 645 1100 πορευθέητες
665 1018 738 1070 δείξατε

21 1088 106 1142 έαυτούς
120 1095 162 1141 τοῖς
177 1092 257 1147 ίερεύσι,
274 1087 308 1147 ἀφ’
324 1082 353 1133 ύν
368 1093 451 1145 ,ταμαρε
453 1090 494 1146 της
508 1086 536 1141 εἷς
551 1090 585 1146 ην,
601 1089 617 1148 φ
631 1092 738 1175 μαρτυρῶν

22 1160 112 1219 δσωτύρ
128 1173 199 1219 φησιν’
215 1159 258 1218 ούχί
274 1163 294 1204 οί
308 1160 355 1205 δέκα
370 1161 544 1218 ἐκαθαρίσθησαν,
560 1178 579 1205 οι
574 1160 627 1205 δε
620 1160 676 1205 εννέα
689 1164 737 1212 πού,Ι

23 1231 59 1290 ούη
74 1231 187 1290 εύρέθησαν
201 1230 362 1288 ὑποστρέψαντες
377 1232 438 1285 δόξαν
453 1235 525 1276 δούναι
539 1237 566 1293 τῷ
580 1236 632 1293 θεῷ,
652 1229 672 1276 εί
685 1231 712 1289 μὴ
728 1230 765 1279 διε

23 1304 131 1363 τίλλογενύς
146 1300 205 1358 οὗτος
211 1324 216 1357 ;
239 1307 265 1349 Ei
283 1304 304 1349 δέ
321 1322 351 1356 τις
369 1303 394 1349 τύ
412 1303 452 1349 οίπδ
470 1308 504 1361 τῆς
522 1303 604 1358 Ἐξύδου
619 1303 740 1350 ύνθνποίσει

22 1379 124 1436 περὶτῶν
142 1378 217 1422 έσθίειν
234 1376 257 1421 τύ
276 1375 342 1434 πύσηα
360 1377 489 1435 βουλομένων
507 1377 647 1435 προσηλύτων,
670 1375 697 1428 ούς
711 1379 742 1421 δεῖ

23 1448 98 1501 αύτούς
112 1449 273 1508 περιτέμνεσθαι,
297 1446 396 1506 φησομεν,
416 1447 446 1500 ἰύς
465 1449 486 1492 έν
502 1448 531 1492 ἑνί
544 1449 599 1509 τύπῳ
613 1447 703 1493 θύεσθαι
717 1447 740 1493 τὸ

22 1519 87 1579 πύσχα
102 1521 222 1579 προσέταξεν
237 1518 248 1564 δ
262 1519 319 1574 θεὸς,
341 1518 416 1564 τούτου
431 1519 452 1563 δὲ
468 1513 589 1577 ίσταμένου,Ι
609 1524 647 1564 νῦν
661 1520 741 1579 περιττὴ

22 1592 34 1650 5
50 1592 145 1651 περιτομὴ
160 1599 202 1645 τοῖς
217 1593 237 1647 ἐξ
254 1593 326 1637 ἐθνῶν.
750 1610 769 1639 νο

63 1669 91 1717 ΙΙ,
108 1670 141 1710 29.
175 1669 208 1727 Τῷ
223 1663 331 1722 πνεύματι,
348 1663 373 1709 ού
388 1668 416 1725 τῷ
431 1662 491 1725 οίγίφΙ
512 1664 537 1709 ού
554 1664 593 1723 γὰρ
608 1667 653 1722 περὶ
666 1663 709 1710 νύν
721 1666 743 1710 ἐν

21 1742 44 1797 τῇ
61 1737 127 1797 γύριτι
148 1736 305 1794 κατορθούνιων
321 1729 439 1795 διαλέγεται,
461 1736 501 1783 ἀλλ’
518 1735 636 1783 ύποτίθεται
651 1735 674 1782 δι’
694 1736 742 1783 ύλου

22 1810 69 1863 τούς
87 1811 124 1863 ἔξω
142 1809 166 1854 τύ
185 1814 221 1854 τού
241 1809 306 1867 νύμου
324 1814 442 1862 ποιοῦντας,
462 1811 498 1854 ’καί
520 1811 608 1855 δείκνυσι
629 1810 743 1866 κρείττονας

21 1885 61 1927 τῶν
75 1882 96 1926 έν
110 1885 138 1942 τῷ
154 1880 210 1943 υύμφ
229 1879 403 1940 παραβαινόντων.
434 1879 523 1942 Συνηίιδει
538 1880 559 1926 δέ
577 1880 656 1926 δίπαυτα
672 1887 743 1926 καταλ-

23 1953 127 2015 λύλωςτηῐ
142 1956 206 2015 οίκείφ
222 1952 298 2014 σκύπφ,
314 1953 412 2011 πρόθεσιν
423 1954 473 2012 έχων
486 1954 565 1999 καίτοι]
575 1958 664 2011 φυσικοῦ
677 1954 742 2012 υύμον
751 1970 770 1998 οε

19 2024 116 2084 Ἕλληνας
135 2027 199 2079 δείξατ’
215 2024 344 2083 παραβάτας,
364 2026 395 2071 καί
416 2023 527 2077 Ἰουδαίους
546 2024 597 2084 πρὸς
616 2030 644 2088 τῷ
664 2031 743 2087 φυσικῷ

23 2099 54 2141 καί
69 2102 106 2142 τού
120 2102 191 2151 θετοῦ,
209 2100 243 2141 ἴνα
257 2096 290 2141 διύι
305 2096 386 2141 πάντων
402 2095 463 2156 στήση
477 2096 500 2141 τδ
514 2102 549 2155 της
569 2097 649 2155 χύριτος
666 2098 743 2156 γρύζειν

25 2168 118 2221 ἅπαντας.
149 2167 207 2224 Λέγει
222 2167 292 2214 δέ-τύ·
316 2168 338 2214 έν
354 2160 464 2225 πνεύματι,1
486 2167 528 2213 υίνιί
543 2173 580 2213 τού
595 2173 619 2229 τῇ
638 2170 741 2229 προθέσει,

25 2238 50 2293 ύς
70 2230 134 2300 ἐν’τῇ
154 2244 195 2285 τύν
208 2233 310 2299 Ἀριθμύυ
325 2243 387 2303 βίβλῳ
402 2242 464 2300 φησίν
479 2238 490 2287 ὁ
504 2240 564 2294 θεύς·
588 2235 618 2287 ύτι
632 2241 705 2295 πάντες
724 2244 744 2287 οί

24 2312 172 2372 παροξύναντές
186 2329 210 2369 με
225 2311 266 2369 ούκ,
278 2312 362 2367 ύφονται
377 2312 414 2371 την
428 2317 476 2371 γῆν·
493 2312 504 2358 ὁ
519 2313 540 2358 δέ
554 2320 601 2366 παῖς
610 2331 654 2372 ,μου
669 2313 742 2371 Χύλεβ,
751 2333 769 2361 οο

25 2383 55 2430 ὅτι
77 2383 162 2444 ἐγενηθη
184 2388 263 2443 πνεύμα
286 2385 353 2444 ἕτερον
372 2385 394 2432 έν
414 2384 468 2448 αύτῷ
488 2386 521 2431 καὶ
540 2383 690 2474 έπηηολούθησέ
709 2406 743 2444 μοι

25 2458 56 2502 καί
67 2457 92 2503 τύ
105 2457 157 2515 έξης,
172 2462 265 2515 φανερῶς
279 2462 358 2515 πνεῦμα
372 2457 410 2515 τὴν
424 2457 523 2515 πρόθεσιν
538 2457 607 2501 είποίν
621 2459 653 2502 καί
670 2457 681 2503 ὁ
695 2475 745 2516 προ-

27 2528 100 2617 φήτης·
122 2527 220 2617 πνεύματι
234 2531 328 2589 πορνείας
343 2529 525 2589 έπλανύθησαν,ι
518 2532 552 2574 ι’να
567 2531 623 2602 είπη,
645 2529 745 2591 πρόθεσις,

27 2601 84 2661 έσχον
98 2602 203 2676 πορνικύν.

72 2726 241 2770 ³.Gen.17,12s.
271 2726 351 2762 mevit.
366 2726 419 2759 512.
450 2726 521 2761 &Cata
539 2721 603 2771 υίυοίγκη
620 2723 643 2761 δέ.
673 2730 695 2763 ib.
707 2728 745 2764 τού-

27 2793 70 2826 ωας,
101 2786 264 2827 τεκταιπιι,
294 2781 494 2828 αλιθυαντο.
524 2788 695 2828 ναυκρατειε.
719 2798 744 2825 τι,

28 2844 221 2888 Spici1.,‘c.cram.p.
235 2847 261 2881 15,
291 2847 345 2881 τοῦ.
360 2847 426 2881 eram:
445 2838 506 2891 Χύρεβ.
539 2837 744 2892 κι.Νυω,1λ,23.λλ.

30 2912 53 2938 τε,
66 2907 105 2940 Hos,
118 2906 139 2945 λ,
152 2907 177 2938 λλ.
625 2956 635 2988 a
