<?xml version="1.0" encoding="UTF-8"?>
<!DOCTYPE html PUBLIC "-//W3C//DTD XHTML 1.0 Transitional//EN"
    "http://www.w3.org/TR/xhtml1/DTD/xhtml1-transitional.dtd">
<html xmlns="http://www.w3.org/1999/xhtml" xml:lang="en" lang="en">
 <head>
  <title>
</title>
<meta http-equiv="Content-Type" content="text/html;charset=utf-8" />
  <meta name='ocr-system' content='tesseract 3.04.00' />
  <meta name='ocr-capabilities' content='ocr_page ocr_carea ocr_par ocr_line ocrx_word'/>
</head>
<body>
  <div class='ocr_page' id='page_1' title='image "MN40295ucmf_0_0143.png"; bbox 0 0 1723 3073; ppageno 0'>
   <div class='ocr_carea' id='block_1_1' title="bbox 238 140 760 184">
    <p class='ocr_par' dir='ltr' id='par_1_1' title="bbox 238 140 760 184">
     <span class='ocr_line' id='line_1_1' title="bbox 238 140 760 184; baseline -0.004 -6"><span class='ocrx_word' id='word_1_1' title='bbox 238 145 259 179; x_wconf 82' lang='lat' dir='ltr'><em>IN</em></span> <span class='ocrx_word' id='word_1_2' title='bbox 270 146 395 182; x_wconf 78' lang='lat' dir='ltr'>EPISIOLAII</span> <span class='ocrx_word' id='word_1_3' title='bbox 407 147 436 181; x_wconf 76' lang='lat' dir='ltr'><em>Il)</em></span> <span class='ocrx_word' id='word_1_4' title='bbox 449 146 560 184; x_wconf 73' lang='lat' dir='ltr'>IIOIIANOS.</span> <span class='ocrx_word' id='word_1_5' title='bbox 738 140 760 177; x_wconf 74' lang='grc' dir='ltr'><em>θέλ</em></span> 
     </span>
    </p>
   </div>
   <div class='ocr_carea' id='block_1_2' title="bbox 1 249 850 2982">
    <p class='ocr_par' dir='ltr' id='par_1_2' title="bbox 41 249 788 670">
     <span class='ocr_line' id='line_1_2' title="bbox 42 249 759 312; baseline -0.001 -19"><span class='ocrx_word' id='word_1_6' title='bbox 42 249 66 294; x_wconf 84' lang='grc' dir='ltr'><em>τά</em></span> <span class='ocrx_word' id='word_1_7' title='bbox 80 250 117 308; x_wconf 80' lang='grc' dir='ltr'><em>μέν</em></span> <span class='ocrx_word' id='word_1_8' title='bbox 131 251 170 309; x_wconf 84' lang='grc' dir='ltr'><em>γάρ</em></span> <span class='ocrx_word' id='word_1_9' title='bbox 185 253 219 295; x_wconf 84' lang='grc' dir='ltr'><em>ίνα</em></span> <span class='ocrx_word' id='word_1_10' title='bbox 233 251 260 309; x_wconf 89' lang='grc' dir='ltr'><em>μή</em></span> <span class='ocrx_word' id='word_1_11' title='bbox 275 252 392 310; x_wconf 74' lang='grc' dir='ltr'><em>βλάπτωμεν</em></span> <span class='ocrx_word' id='word_1_12' title='bbox 407 252 504 312; x_wconf 74' lang='grc' dir='ltr'><em>ἀλλήλους</em></span> <span class='ocrx_word' id='word_1_13' title='bbox 519 252 530 298; x_wconf 91' lang='grc' dir='ltr'>ὁ</span> <span class='ocrx_word' id='word_1_14' title='bbox 544 251 657 309; x_wconf 88' lang='grc' dir='ltr'><em>νομοθέτης</em></span> <span class='ocrx_word' id='word_1_15' title='bbox 672 249 759 304; x_wconf 82' lang='grc' dir='ltr'><em>ἐξέθετο,</em></span> 
     </span>
     <span class='ocr_line' id='line_1_3' title="bbox 41 319 762 383; baseline 0 -18"><span class='ocrx_word' id='word_1_16' title='bbox 41 320 66 366; x_wconf 86' lang='grc' dir='ltr'><em>τά</em></span> <span class='ocrx_word' id='word_1_17' title='bbox 81 322 103 367; x_wconf 77' lang='grc' dir='ltr'><em>δέ</em></span> <span class='ocrx_word' id='word_1_18' title='bbox 117 324 150 368; x_wconf 88' lang='grc' dir='ltr'><em>ίνα</em></span> <span class='ocrx_word' id='word_1_19' title='bbox 160 341 179 367; x_wconf 95' lang='grc' dir='ltr'><em>τι</em></span> <span class='ocrx_word' id='word_1_20' title='bbox 188 322 221 367; x_wconf 83' lang='grc' dir='ltr'><em>παὶ</em></span> <span class='ocrx_word' id='word_1_21' title='bbox 232 321 342 381; x_wconf 84' lang='grc' dir='ltr'><em>εάποιῦμεν</em></span> <span class='ocrx_word' id='word_1_22' title='bbox 352 323 450 383; x_wconf 89' lang='grc' dir='ltr'><em>ἀλλήλους</em></span> <span class='ocrx_word' id='word_1_23' title='bbox 459 324 509 371; x_wconf 86' lang='grc' dir='ltr'><em>τιατά</em></span> <span class='ocrx_word' id='word_1_24' title='bbox 520 324 616 382; x_wconf 85' lang='grc' dir='ltr'><em>δύναμιν,</em></span> <span class='ocrx_word' id='word_1_25' title='bbox 633 321 683 368; x_wconf 89' lang='grc' dir='ltr'><em>ἀλλά</em></span> <span class='ocrx_word' id='word_1_26' title='bbox 696 319 762 367; x_wconf 91' lang='grc' dir='ltr'><em>πάντα</em></span> 
     </span>
     <span class='ocr_line' id='line_1_4' title="bbox 42 395 762 457; baseline 0.001 -20"><span class='ocrx_word' id='word_1_27' title='bbox 42 397 105 438; x_wconf 90' lang='grc' dir='ltr'><em>ταῦτα</em></span> <span class='ocrx_word' id='word_1_28' title='bbox 119 396 255 452; x_wconf 75' lang='grc' dir='ltr'><em>περιείληπται</em></span> <span class='ocrx_word' id='word_1_29' title='bbox 270 396 291 439; x_wconf 90' lang='grc' dir='ltr'><em>ἐν</em></span> <span class='ocrx_word' id='word_1_30' title='bbox 305 400 333 457; x_wconf 73' lang='grc' dir='ltr'><em>τῷ</em></span> <span class='ocrx_word' id='word_1_31' title='bbox 348 396 427 454; x_wconf 87' lang='grc' dir='ltr'><em>ἀγαπάν</em></span> <span class='ocrx_word' id='word_1_32' title='bbox 441 397 477 442; x_wconf 81' lang='grc' dir='ltr'><em>τάν</em></span> <span class='ocrx_word' id='word_1_33' title='bbox 491 399 575 454; x_wconf 89' lang='grc' dir='ltr'><em>πλησίον</em></span> <span class='ocrx_word' id='word_1_34' title='bbox 590 395 712 441; x_wconf 88' lang='grc' dir='ltr'><em>έπιτάττοντι</em></span> <span class='ocrx_word' id='word_1_35' title='bbox 726 411 762 437; x_wconf 89' lang='grc' dir='ltr'><em>νο-</em></span> 
     </span>
     <span class='ocr_line' id='line_1_5' title="bbox 41 460 761 526; baseline 0.003 -18"><span class='ocrx_word' id='word_1_36' title='bbox 41 466 105 525; x_wconf 69' lang='grc' dir='ltr'><em>μίμρν</em></span> <span class='ocrx_word' id='word_1_37' title='bbox 127 470 192 518; x_wconf 82' lang='grc' dir='ltr'><em>τιαλως</em></span> <span class='ocrx_word' id='word_1_38' title='bbox 211 460 248 511; x_wconf 88' lang='grc' dir='ltr'><em>οῦν</em></span> <span class='ocrx_word' id='word_1_39' title='bbox 263 466 286 512; x_wconf 84' lang='grc' dir='ltr'><em>τῦ</em></span> <span class='ocrx_word' id='word_1_40' title='bbox 302 466 486 526; x_wconf 71' lang='grc' dir='ltr'><em>ἀνακεφαλαιοῦται</em></span> <span class='ocrx_word' id='word_1_41' title='bbox 501 468 544 514; x_wconf 83' lang='grc' dir='ltr'><em>ἀντὶ</em></span> <span class='ocrx_word' id='word_1_42' title='bbox 558 473 595 513; x_wconf 85' lang='grc' dir='ltr'><em>τοῦ</em></span> <span class='ocrx_word' id='word_1_43' title='bbox 609 466 675 513; x_wconf 85' lang='grc' dir='ltr'><em>πάντα</em></span> <span class='ocrx_word' id='word_1_44' title='bbox 696 469 761 512; x_wconf 84' lang='grc' dir='ltr'><em>έπείνα</em></span> 
     </span>
     <span class='ocr_line' id='line_1_6' title="bbox 42 535 788 598; baseline 0.001 -17"><span class='ocrx_word' id='word_1_45' title='bbox 42 535 67 581; x_wconf 91' lang='grc' dir='ltr'><em>τά</em></span> <span class='ocrx_word' id='word_1_46' title='bbox 82 536 116 582; x_wconf 88' lang='grc' dir='ltr'><em>διά</em></span> <span class='ocrx_word' id='word_1_47' title='bbox 130 542 211 583; x_wconf 74' lang='grc' dir='ltr'><em>πολλῶν</em></span> <span class='ocrx_word' id='word_1_48' title='bbox 224 540 398 596; x_wconf 69' lang='grc' dir='ltr'><em>νενομοθετημένα</em></span> <span class='ocrx_word' id='word_1_49' title='bbox 414 539 479 597; x_wconf 74' lang='grc' dir='ltr'><em>ὥσπέρ</em></span> <span class='ocrx_word' id='word_1_50' title='bbox 493 557 538 584; x_wconf 89' lang='grc' dir='ltr'><em>τινα</em></span> <span class='ocrx_word' id='word_1_51' title='bbox 553 538 761 598; x_wconf 83' lang='grc' dir='ltr'><em>ἀναπεφωλαίωσινέν</em></span> <span class='ocrx_word' id='word_1_52' title='bbox 780 552 788 578; x_wconf 68' lang='lat'><strong><em>5</em></strong></span> 
     </span>
     <span class='ocr_line' id='line_1_7' title="bbox 42 609 445 670; baseline 0.005 -16"><span class='ocrx_word' id='word_1_53' title='bbox 42 613 70 669; x_wconf 74' lang='grc' dir='ltr'><em>τῷ</em></span> <span class='ocrx_word' id='word_1_54' title='bbox 85 609 121 655; x_wconf 83' lang='grc' dir='ltr'><em>τὸν</em></span> <span class='ocrx_word' id='word_1_55' title='bbox 135 613 220 668; x_wconf 76' lang='grc' dir='ltr'><em>πλησίον</em></span> <span class='ocrx_word' id='word_1_56' title='bbox 235 610 315 669; x_wconf 76' lang='grc' dir='ltr'><em>ἀγαπᾶν</em></span> <span class='ocrx_word' id='word_1_57' title='bbox 329 611 445 670; x_wconf 74' lang='grc' dir='ltr'><em>περιέχεται.</em></span> 
     </span>
    </p>

    <p class='ocr_par' dir='ltr' id='par_1_3' title="bbox 43 680 850 959">
     <span class='ocr_line' id='line_1_8' title="bbox 83 680 761 743; baseline 0 -16"><span class='ocrx_word' id='word_1_58' title='bbox 83 680 106 727; x_wconf 86' lang='lat'><em>‘0</em></span> <span class='ocrx_word' id='word_1_59' title='bbox 120 681 159 741; x_wconf 86' lang='grc' dir='ltr'><em>γάρ</em></span> <span class='ocrx_word' id='word_1_60' title='bbox 175 682 258 741; x_wconf 73' lang='grc' dir='ltr'><em>ἀγαπῶν</em></span> <span class='ocrx_word' id='word_1_61' title='bbox 272 696 331 743; x_wconf 87' lang='grc' dir='ltr'><em>φησι,</em></span> <span class='ocrx_word' id='word_1_62' title='bbox 354 683 449 742; x_wconf 81' lang='grc' dir='ltr'><em>βλάπτειν</em></span> <span class='ocrx_word' id='word_1_63' title='bbox 468 683 504 728; x_wconf 86' lang='grc' dir='ltr'><em>τῦν</em></span> <span class='ocrx_word' id='word_1_64' title='bbox 519 683 650 742; x_wconf 79' lang='grc' dir='ltr'><em>ἀγαπώμενον</em></span> <span class='ocrx_word' id='word_1_65' title='bbox 665 684 703 729; x_wconf 86' lang='grc' dir='ltr'><em>ούπ</em></span> <span class='ocrx_word' id='word_1_66' title='bbox 718 682 761 727; x_wconf 86' lang='grc' dir='ltr'><em>ἀνέ-</em></span> 
     </span>
     <span class='ocr_line' id='line_1_9' title="bbox 43 754 762 814; baseline 0.001 -16"><span class='ocrx_word' id='word_1_67' title='bbox 43 770 107 811; x_wconf 84' lang='grc' dir='ltr'><em>χεται,</em></span> <span class='ocrx_word' id='word_1_68' title='bbox 123 758 176 810; x_wconf 88' lang='grc' dir='ltr'><em>είπερ</em></span> <span class='ocrx_word' id='word_1_69' title='bbox 192 755 259 812; x_wconf 91' lang='grc' dir='ltr'><em>ἀληθῆ</em></span> <span class='ocrx_word' id='word_1_70' title='bbox 273 758 318 813; x_wconf 82' lang='grc' dir='ltr'><em>περὶ</em></span> <span class='ocrx_word' id='word_1_71' title='bbox 333 754 396 800; x_wconf 85' lang='grc' dir='ltr'><em>αάτδν</em></span> <span class='ocrx_word' id='word_1_72' title='bbox 411 756 448 813; x_wconf 84' lang='grc' dir='ltr'><em>ἐχει</em></span> <span class='ocrx_word' id='word_1_73' title='bbox 464 755 553 814; x_wconf 89' lang='grc' dir='ltr'><em>ἀγάπην·</em></span> <span class='ocrx_word' id='word_1_74' title='bbox 574 756 649 802; x_wconf 85' lang='grc' dir='ltr'><em>υάιιοῦν</em></span> <span class='ocrx_word' id='word_1_75' title='bbox 663 761 698 814; x_wconf 89' lang='grc' dir='ltr'><em>τῆς</em></span> <span class='ocrx_word' id='word_1_76' title='bbox 713 754 762 812; x_wconf 92' lang='grc' dir='ltr'><em>ἀγά-</em></span> 
     </span>
     <span class='ocr_line' id='line_1_10' title="bbox 44 824 762 886; baseline 0.003 -16"><span class='ocrx_word' id='word_1_77' title='bbox 44 842 82 883; x_wconf 90' lang='grc' dir='ltr'><em>πης</em></span> <span class='ocrx_word' id='word_1_78' title='bbox 97 824 108 885; x_wconf 90' lang='grc' dir='ltr'><em>ή</em></span> <span class='ocrx_word' id='word_1_79' title='bbox 124 826 204 885; x_wconf 86' lang='grc' dir='ltr'><em>φνλαπή</em></span> <span class='ocrx_word' id='word_1_80' title='bbox 219 831 255 872; x_wconf 88' lang='grc' dir='ltr'><em>τοῦ</em></span> <span class='ocrx_word' id='word_1_81' title='bbox 270 826 346 880; x_wconf 85' lang='grc' dir='ltr'><em>παντός</em></span> <span class='ocrx_word' id='word_1_82' title='bbox 360 829 401 873; x_wconf 83' lang='grc' dir='ltr'><em>ἐστι</em></span> <span class='ocrx_word' id='word_1_83' title='bbox 414 827 479 886; x_wconf 89' lang='grc' dir='ltr'><em>νύμυν</em></span> <span class='ocrx_word' id='word_1_84' title='bbox 493 828 624 885; x_wconf 88' lang='grc' dir='ltr'><em>πατῦρθωσις.</em></span> <span class='ocrx_word' id='word_1_85' title='bbox 659 828 711 874; x_wconf 81' lang='grc' dir='ltr'><em>Είτα</em></span> <span class='ocrx_word' id='word_1_86' title='bbox 730 828 762 873; x_wconf 86' lang='grc' dir='ltr'><em>ἐπί</em></span> 
     </span>
     <span class='ocr_line' id='line_1_11' title="bbox 44 898 850 959; baseline 0.006 -17"><span class='ocrx_word' id='word_1_87' title='bbox 44 901 162 958; x_wconf 90' lang='grc' dir='ltr'><em>παραίνεσιν</em></span> <span class='ocrx_word' id='word_1_88' title='bbox 177 899 255 958; x_wconf 77' lang='grc' dir='ltr'><em>ἐκφέρει</em></span> <span class='ocrx_word' id='word_1_89' title='bbox 269 899 305 944; x_wconf 82' lang='grc' dir='ltr'><em>τὸν</em></span> <span class='ocrx_word' id='word_1_90' title='bbox 319 898 380 958; x_wconf 84' lang='grc' dir='ltr'><em>λόγον</em></span> <span class='ocrx_word' id='word_1_91' title='bbox 394 901 428 945; x_wconf 84' lang='grc' dir='ltr'><em>ιιαί</em></span> <span class='ocrx_word' id='word_1_92' title='bbox 442 901 491 959; x_wconf 84' lang='grc' dir='ltr'><em>φησὶ</em></span> <span class='ocrx_word' id='word_1_93' title='bbox 505 900 528 946; x_wconf 89' lang='grc' dir='ltr'><em>τδ</em></span> <span class='ocrx_word' id='word_1_94' title='bbox 543 900 592 959; x_wconf 77' lang='grc' dir='ltr'><em>ἑξῆς.</em></span> <span class='ocrx_word' id='word_1_95' title='bbox 770 914 789 942; x_wconf 80' lang='lat'><em>10</em></span> <span class='ocrx_word' id='word_1_96' title='bbox 845 918 850 929; x_wconf 83' lang='lat'><strong>·</strong></span> 
     </span>
    </p>

    <p class='ocr_par' dir='ltr' id='par_1_4' title="bbox 45 971 790 1389">
     <span class='ocr_line' id='line_1_12' title="bbox 87 971 763 1029; baseline 0 -14"><span class='ocrx_word' id='word_1_97' title='bbox 87 974 146 1025; x_wconf 81' lang='lat' dir='ltr'>XIII,</span> <span class='ocrx_word' id='word_1_98' title='bbox 164 976 194 1015; x_wconf 79' lang='lat' dir='ltr'><em>II.</em></span> <span class='ocrx_word' id='word_1_99' title='bbox 225 971 293 1023; x_wconf 82' lang='grc' dir='ltr'><em>θύτας</em></span> <span class='ocrx_word' id='word_1_100' title='bbox 304 971 443 1029; x_wconf 77' lang='grc' dir='ltr'><em>ἀναγνωστέον</em></span> <span class='ocrx_word' id='word_1_101' title='bbox 452 974 486 1016; x_wconf 78' lang='grc' dir='ltr'><em>παλ</em></span> <span class='ocrx_word' id='word_1_102' title='bbox 494 977 564 1024; x_wconf 82' lang='grc' dir='ltr'><em>τοῦτο,</em></span> <span class='ocrx_word' id='word_1_103' title='bbox 579 972 620 1017; x_wconf 78' lang='grc' dir='ltr'><em>εἶτα</em></span> <span class='ocrx_word' id='word_1_104' title='bbox 631 971 763 1029; x_wconf 90' lang='grc' dir='ltr'><em>διαστήσαντα</em></span> 
     </span>
     <span class='ocr_line' id='line_1_13' title="bbox 45 1041 763 1102; baseline 0.001 -16"><span class='ocrx_word' id='word_1_105' title='bbox 45 1041 118 1095; x_wconf 87' lang='grc' dir='ltr'><em>είδύτες</em></span> <span class='ocrx_word' id='word_1_106' title='bbox 137 1042 173 1086; x_wconf 83' lang='grc' dir='ltr'><em>τὸν</em></span> <span class='ocrx_word' id='word_1_107' title='bbox 192 1042 263 1101; x_wconf 85' lang='grc' dir='ltr'><em>ααιρύν</em></span> <span class='ocrx_word' id='word_1_108' title='bbox 282 1044 314 1087; x_wconf 81' lang='grc' dir='ltr'><em>παλ</em></span> <span class='ocrx_word' id='word_1_109' title='bbox 331 1043 356 1088; x_wconf 89' lang='grc' dir='ltr'><em>τά</em></span> <span class='ocrx_word' id='word_1_110' title='bbox 376 1043 429 1100; x_wconf 75' lang='grc' dir='ltr'><em>έξῆς</em></span> <span class='ocrx_word' id='word_1_111' title='bbox 451 1042 545 1101; x_wconf 83' lang='grc' dir='ltr'><em>βούλεται</em></span> <span class='ocrx_word' id='word_1_112' title='bbox 558 1043 596 1102; x_wconf 88' lang='grc' dir='ltr'><em>γάρ</em></span> <span class='ocrx_word' id='word_1_113' title='bbox 611 1047 672 1089; x_wconf 84' lang='grc' dir='ltr'><em>είπελν</em></span> <span class='ocrx_word' id='word_1_114' title='bbox 687 1044 717 1088; x_wconf 81' lang='grc' dir='ltr'><em>ὅτι</em></span> <span class='ocrx_word' id='word_1_115' title='bbox 731 1044 763 1087; x_wconf 84' lang='grc' dir='ltr'><em>ταί</em></span> 
     </span>
     <span class='ocr_line' id='line_1_14' title="bbox 45 1112 764 1174; baseline 0.001 -15"><span class='ocrx_word' id='word_1_116' title='bbox 45 1113 120 1160; x_wconf 86' lang='grc' dir='ltr'><em>τούτου</em></span> <span class='ocrx_word' id='word_1_117' title='bbox 131 1114 152 1159; x_wconf 81' lang='grc' dir='ltr'><em>δέ</em></span> <span class='ocrx_word' id='word_1_118' title='bbox 164 1112 212 1172; x_wconf 79' lang='grc' dir='ltr'><em>ήμίν</em></span> <span class='ocrx_word' id='word_1_119' title='bbox 227 1114 353 1172; x_wconf 75' lang='grc' dir='ltr'><em>ἐπιμελητέον</em></span> <span class='ocrx_word' id='word_1_120' title='bbox 368 1115 422 1167; x_wconf 80' lang='grc' dir='ltr'><em>ὅπως</em></span> <span class='ocrx_word' id='word_1_121' title='bbox 436 1115 462 1161; x_wconf 85' lang='grc' dir='ltr'><em>ἀν</em></span> <span class='ocrx_word' id='word_1_122' title='bbox 476 1116 596 1174; x_wconf 87' lang='grc' dir='ltr'><em>πράττοιμεν</em></span> <span class='ocrx_word' id='word_1_123' title='bbox 610 1117 623 1161; x_wconf 85' lang='grc' dir='ltr'><em>ἀ</em></span> <span class='ocrx_word' id='word_1_124' title='bbox 638 1119 674 1168; x_wconf 79' lang='grc' dir='ltr'><em>δεῖ,</em></span> <span class='ocrx_word' id='word_1_125' title='bbox 690 1114 764 1167; x_wconf 85' lang='grc' dir='ltr'><em>εἰδότες</em></span> 
     </span>
     <span class='ocr_line' id='line_1_15' title="bbox 46 1185 764 1245; baseline 0 -15"><span class='ocrx_word' id='word_1_126' title='bbox 46 1186 147 1243; x_wconf 79' lang='grc' dir='ltr'><em>ἐφεστῶτα</em></span> <span class='ocrx_word' id='word_1_127' title='bbox 162 1186 197 1231; x_wconf 86' lang='grc' dir='ltr'><em>τδν</em></span> <span class='ocrx_word' id='word_1_128' title='bbox 212 1185 283 1244; x_wconf 86' lang='grc' dir='ltr'><em>ιιαιρύν</em></span> <span class='ocrx_word' id='word_1_129' title='bbox 292 1191 334 1230; x_wconf 57' lang='grc' dir='ltr'><em>,τοῦ</em></span> <span class='ocrx_word' id='word_1_130' title='bbox 349 1186 464 1230; x_wconf 89' lang='grc' dir='ltr'><em>ἀποθέσθαι</em></span> <span class='ocrx_word' id='word_1_131' title='bbox 478 1185 515 1244; x_wconf 89' lang='grc' dir='ltr'><em>τήν</em></span> <span class='ocrx_word' id='word_1_132' title='bbox 530 1188 560 1230; x_wconf 85' lang='grc' dir='ltr'><em>ἐπὶ</em></span> <span class='ocrx_word' id='word_1_133' title='bbox 573 1193 615 1239; x_wconf 84' lang='grc' dir='ltr'><em>τοῖς</em></span> <span class='ocrx_word' id='word_1_134' title='bbox 625 1185 764 1245; x_wconf 88' lang='grc' dir='ltr'><em>ἀμαρτήμασιν</em></span> 
     </span>
     <span class='ocr_line' id='line_1_16' title="bbox 46 1256 790 1318; baseline 0 -15"><span class='ocrx_word' id='word_1_135' title='bbox 46 1256 133 1317; x_wconf 88' lang='grc' dir='ltr'><em>ήδονήν,</em></span> <span class='ocrx_word' id='word_1_136' title='bbox 154 1258 218 1318; x_wconf 78' lang='grc' dir='ltr'><em>ἀσπέρ</em></span> <span class='ocrx_word' id='word_1_137' title='bbox 237 1276 282 1304; x_wconf 92' lang='grc' dir='ltr'><em>τινα</em></span> <span class='ocrx_word' id='word_1_138' title='bbox 296 1258 362 1304; x_wconf 86' lang='grc' dir='ltr'><em>ῦπνον</em></span> <span class='ocrx_word' id='word_1_139' title='bbox 376 1257 451 1316; x_wconf 82' lang='grc' dir='ltr'><em>βαθύν.</em></span> <span class='ocrx_word' id='word_1_140' title='bbox 482 1260 588 1317; x_wconf 85' lang='grc' dir='ltr'><em>Σωτηρίαν</em></span> <span class='ocrx_word' id='word_1_141' title='bbox 603 1259 625 1305; x_wconf 83' lang='grc' dir='ltr'><em>δέ</em></span> <span class='ocrx_word' id='word_1_142' title='bbox 638 1257 695 1317; x_wconf 81' lang='grc' dir='ltr'><em>ήμάν</em></span> <span class='ocrx_word' id='word_1_143' title='bbox 710 1263 790 1304; x_wconf 72' lang='grc' dir='ltr'><em>παλείλῡ</em></span> 
     </span>
     <span class='ocr_line' id='line_1_17' title="bbox 47 1329 763 1389; baseline -0.001 -14"><span class='ocrx_word' id='word_1_144' title='bbox 47 1330 84 1388; x_wconf 89' lang='grc' dir='ltr'><em>τήν</em></span> <span class='ocrx_word' id='word_1_145' title='bbox 99 1329 218 1381; x_wconf 86' lang='grc' dir='ltr'><em>ἀνάστασιν,</em></span> <span class='ocrx_word' id='word_1_146' title='bbox 235 1329 301 1388; x_wconf 89' lang='grc' dir='ltr'><em>ἐπειδή</em></span> <span class='ocrx_word' id='word_1_147' title='bbox 316 1329 359 1375; x_wconf 84' lang='grc' dir='ltr'><em>τότε</em></span> <span class='ocrx_word' id='word_1_148' title='bbox 368 1335 403 1388; x_wconf 86' lang='grc' dir='ltr'><em>τῆς</em></span> <span class='ocrx_word' id='word_1_149' title='bbox 413 1329 511 1389; x_wconf 87' lang='grc' dir='ltr'><em>ἀληθινῆς</em></span> <span class='ocrx_word' id='word_1_150' title='bbox 521 1330 649 1389; x_wconf 83' lang='grc' dir='ltr'><em>ἀπολαύομεν</em></span> <span class='ocrx_word' id='word_1_151' title='bbox 659 1333 763 1389; x_wconf 77' lang='grc' dir='ltr'><em>σωτηρίας,</em></span> 
     </span>
    </p>

    <p class='ocr_par' dir='ltr' id='par_1_5' title="bbox 48 1400 794 1967">
     <span class='ocr_line' id='line_1_18' title="bbox 89 1400 766 1461; baseline -0.004 -12"><span class='ocrx_word' id='word_1_152' title='bbox 89 1404 153 1458; x_wconf 76' lang='lat' dir='ltr'>XIII&#39;,</span> <span class='ocrx_word' id='word_1_153' title='bbox 171 1408 202 1447; x_wconf 67' lang='grc' dir='ltr'><em>θλ.</em></span> <span class='ocrx_word' id='word_1_154' title='bbox 232 1400 319 1461; x_wconf 88' lang='grc' dir='ltr'><em>Ἡμέραν</em></span> <span class='ocrx_word' id='word_1_155' title='bbox 336 1407 393 1447; x_wconf 82' lang='grc' dir='ltr'><em>παλεῖ</em></span> <span class='ocrx_word' id='word_1_156' title='bbox 405 1401 441 1447; x_wconf 86' lang='grc' dir='ltr'><em>τὸν</em></span> <span class='ocrx_word' id='word_1_157' title='bbox 455 1400 495 1448; x_wconf 86' lang='grc' dir='ltr'><em>ἀπὸ</em></span> <span class='ocrx_word' id='word_1_158' title='bbox 509 1406 544 1460; x_wconf 87' lang='grc' dir='ltr'><em>τῆς</em></span> <span class='ocrx_word' id='word_1_159' title='bbox 557 1406 594 1447; x_wconf 89' lang='grc' dir='ltr'><em>τοῦ</em></span> <span class='ocrx_word' id='word_1_160' title='bbox 609 1406 697 1461; x_wconf 81' lang='grc' dir='ltr'><em>Χριστοῦ</em></span> <span class='ocrx_word' id='word_1_161' title='bbox 715 1418 766 1458; x_wconf 90' lang='grc' dir='ltr'><em>παρ-</em></span> 
     </span>
     <span class='ocr_line' id='line_1_19' title="bbox 48 1473 766 1533; baseline -0.001 -14"><span class='ocrx_word' id='word_1_162' title='bbox 48 1477 118 1527; x_wconf 87' lang='grc' dir='ltr'><em>ουσίας</em></span> <span class='ocrx_word' id='word_1_163' title='bbox 139 1474 222 1533; x_wconf 84' lang='grc' dir='ltr'><em>παιρῦν,</em></span> <span class='ocrx_word' id='word_1_164' title='bbox 245 1473 271 1526; x_wconf 81' lang='grc' dir='ltr'><em>ἀς</em></span> <span class='ocrx_word' id='word_1_165' title='bbox 293 1477 328 1532; x_wconf 83' lang='grc' dir='ltr'><em>τῆς</em></span> <span class='ocrx_word' id='word_1_166' title='bbox 349 1473 412 1519; x_wconf 80' lang='grc' dir='ltr'><em>αὐτοῦ</em></span> <span class='ocrx_word' id='word_1_167' title='bbox 434 1473 565 1531; x_wconf 77' lang='grc' dir='ltr'><em>φανερώσεως</em></span> <span class='ocrx_word' id='word_1_168' title='bbox 585 1473 709 1532; x_wconf 87' lang='grc' dir='ltr'><em>τρανοτάτην</em></span> <span class='ocrx_word' id='word_1_169' title='bbox 726 1478 766 1518; x_wconf 80' lang='grc' dir='ltr'><em>τῶν</em></span> 
     </span>
     <span class='ocr_line' id='line_1_20' title="bbox 49 1544 767 1606; baseline -0.001 -14"><span class='ocrx_word' id='word_1_170' title='bbox 49 1564 69 1592; x_wconf 91' lang='grc' dir='ltr'><em>τε</em></span> <span class='ocrx_word' id='word_1_171' title='bbox 84 1551 151 1592; x_wconf 77' lang='grc' dir='ltr'><em>παίων</em></span> <span class='ocrx_word' id='word_1_172' title='bbox 165 1548 199 1592; x_wconf 79' lang='grc' dir='ltr'><em>παὶ</em></span> <span class='ocrx_word' id='word_1_173' title='bbox 213 1546 239 1605; x_wconf 91' lang='grc' dir='ltr'><em>μή</em></span> <span class='ocrx_word' id='word_1_174' title='bbox 254 1544 353 1592; x_wconf 84' lang='grc' dir='ltr'><em>τοιούτων</em></span> <span class='ocrx_word' id='word_1_175' title='bbox 367 1545 502 1604; x_wconf 89' lang='grc' dir='ltr'><em>ποιησαμένης</em></span> <span class='ocrx_word' id='word_1_176' title='bbox 515 1545 552 1605; x_wconf 88' lang='grc' dir='ltr'><em>τήν</em></span> <span class='ocrx_word' id='word_1_177' title='bbox 572 1545 683 1606; x_wconf 86' lang='grc' dir='ltr'><em>διάιιρισιν,</em></span> <span class='ocrx_word' id='word_1_178' title='bbox 704 1544 767 1592; x_wconf 87' lang='grc' dir='ltr'><em>νύπτα</em></span> 
     </span>
     <span class='ocr_line' id='line_1_21' title="bbox 49 1610 794 1677; baseline -0.003 -13"><span class='ocrx_word' id='word_1_179' title='bbox 49 1619 71 1665; x_wconf 85' lang='grc' dir='ltr'><em>δέ</em></span> <span class='ocrx_word' id='word_1_180' title='bbox 85 1619 121 1664; x_wconf 82' lang='grc' dir='ltr'><em>τὸν</em></span> <span class='ocrx_word' id='word_1_181' title='bbox 135 1618 174 1676; x_wconf 82' lang='grc' dir='ltr'><em>πρὸ</em></span> <span class='ocrx_word' id='word_1_182' title='bbox 189 1617 264 1664; x_wconf 87' lang='grc' dir='ltr'><em>τούτου</em></span> <span class='ocrx_word' id='word_1_183' title='bbox 278 1617 360 1677; x_wconf 77' lang='grc' dir='ltr'><em>χρόνον·</em></span> <span class='ocrx_word' id='word_1_184' title='bbox 377 1618 437 1677; x_wconf 85' lang='grc' dir='ltr'><em>ἀμφω</em></span> <span class='ocrx_word' id='word_1_185' title='bbox 448 1610 469 1664; x_wconf 74' lang='grc' dir='ltr'><em>δέ</em></span> <span class='ocrx_word' id='word_1_186' title='bbox 479 1616 506 1671; x_wconf 80' lang='grc' dir='ltr'><em>ἀς</em></span> <span class='ocrx_word' id='word_1_187' title='bbox 516 1618 567 1675; x_wconf 82' lang='grc' dir='ltr'><em>πρὸς</em></span> <span class='ocrx_word' id='word_1_188' title='bbox 582 1620 670 1671; x_wconf 89' lang='grc' dir='ltr'><em>ἐπείνους</em></span> <span class='ocrx_word' id='word_1_189' title='bbox 683 1618 794 1677; x_wconf 79' lang='grc' dir='ltr'><em>μάλισταει</em></span> 
     </span>
     <span class='ocr_line' id='line_1_22' title="bbox 49 1686 768 1751; baseline -0.004 -13"><span class='ocrx_word' id='word_1_190' title='bbox 49 1692 101 1751; x_wconf 88' lang='grc' dir='ltr'><em>λέγει</em></span> <span class='ocrx_word' id='word_1_191' title='bbox 115 1690 164 1745; x_wconf 87' lang='grc' dir='ltr'><em>τούς</em></span> <span class='ocrx_word' id='word_1_192' title='bbox 174 1689 263 1744; x_wconf 83' lang='grc' dir='ltr'><em>είδάλοις</em></span> <span class='ocrx_word' id='word_1_193' title='bbox 272 1690 417 1750; x_wconf 79' lang='grc' dir='ltr'><em>προσέχοντας,</em></span> <span class='ocrx_word' id='word_1_194' title='bbox 432 1689 477 1748; x_wconf 78' lang='grc' dir='ltr'><em>παρ’</em></span> <span class='ocrx_word' id='word_1_195' title='bbox 494 1689 523 1745; x_wconf 82' lang='grc' dir='ltr'><em>οἷς</em></span> <span class='ocrx_word' id='word_1_196' title='bbox 539 1689 576 1736; x_wconf 83' lang='grc' dir='ltr'><em>ούπ</em></span> <span class='ocrx_word' id='word_1_197' title='bbox 590 1686 616 1751; x_wconf 90' lang='grc' dir='ltr'><em>ήν</em></span> <span class='ocrx_word' id='word_1_198' title='bbox 630 1690 705 1750; x_wconf 85' lang='grc' dir='ltr'><em>νόμιμα</em></span> <span class='ocrx_word' id='word_1_199' title='bbox 721 1690 768 1736; x_wconf 84' lang='grc' dir='ltr'><em>ούδέ</em></span> 
     </span>
     <span class='ocr_line' id='line_1_23' title="bbox 50 1759 768 1822; baseline -0.003 -12"><span class='ocrx_word' id='word_1_200' title='bbox 50 1767 168 1810; x_wconf 74' lang='grc' dir='ltr'><em>διδασκαλία</em></span> <span class='ocrx_word' id='word_1_201' title='bbox 181 1769 222 1809; x_wconf 76' lang='grc' dir='ltr'><em>τῶν</em></span> <span class='ocrx_word' id='word_1_202' title='bbox 239 1764 349 1820; x_wconf 81' lang='grc' dir='ltr'><em>πρακτέων.</em></span> <span class='ocrx_word' id='word_1_203' title='bbox 376 1762 401 1808; x_wconf 85' lang='grc' dir='ltr'>Ὃ</span> <span class='ocrx_word' id='word_1_204' title='bbox 419 1769 454 1822; x_wconf 85' lang='grc' dir='ltr'><em>τῆς</em></span> <span class='ocrx_word' id='word_1_205' title='bbox 473 1763 556 1821; x_wconf 90' lang='grc' dir='ltr'><em>ἀγνοίας</em></span> <span class='ocrx_word' id='word_1_206' title='bbox 576 1759 614 1809; x_wconf 82' lang='grc' dir='ltr'><em>οῦν</em></span> <span class='ocrx_word' id='word_1_207' title='bbox 632 1765 680 1821; x_wconf 81' lang='grc' dir='ltr'><em>φησὶ</em></span> <span class='ocrx_word' id='word_1_208' title='bbox 699 1763 768 1822; x_wconf 82' lang='grc' dir='ltr'><em>πατρὸς</em></span> 
     </span>
     <span class='ocr_line' id='line_1_24' title="bbox 50 1832 769 1896; baseline -0.003 -14"><span class='ocrx_word' id='word_1_209' title='bbox 50 1841 161 1896; x_wconf 90' lang='grc' dir='ltr'><em>παρῆλθεν,</em></span> <span class='ocrx_word' id='word_1_210' title='bbox 184 1837 216 1882; x_wconf 80' lang='grc' dir='ltr'><em>ὅτε</em></span> <span class='ocrx_word' id='word_1_211' title='bbox 230 1832 263 1894; x_wconf 89' lang='grc' dir='ltr'><em>ήτε</em></span> <span class='ocrx_word' id='word_1_212' title='bbox 278 1835 305 1888; x_wconf 80' lang='grc' dir='ltr'><em>ἀς</em></span> <span class='ocrx_word' id='word_1_213' title='bbox 320 1837 342 1882; x_wconf 86' lang='grc' dir='ltr'><em>ἐν</em></span> <span class='ocrx_word' id='word_1_214' title='bbox 355 1838 411 1882; x_wconf 85' lang='grc' dir='ltr'><em>νυπτὶ</em></span> <span class='ocrx_word' id='word_1_215' title='bbox 427 1836 474 1882; x_wconf 90' lang='grc' dir='ltr'><em>οῦτε</em></span> <span class='ocrx_word' id='word_1_216' title='bbox 488 1835 538 1881; x_wconf 82' lang='grc' dir='ltr'><em>θεὸν</em></span> <span class='ocrx_word' id='word_1_217' title='bbox 553 1834 637 1891; x_wconf 82' lang='grc' dir='ltr'><em>εἰδότες,</em></span> <span class='ocrx_word' id='word_1_218' title='bbox 654 1835 699 1881; x_wconf 88' lang='grc' dir='ltr'><em>ούτε</em></span> <span class='ocrx_word' id='word_1_219' title='bbox 714 1839 769 1893; x_wconf 54' lang='grc' dir='ltr'><em>νομεῖ</em></span> 
     </span>
     <span class='ocr_line' id='line_1_25' title="bbox 50 1905 769 1967; baseline -0.004 -13"><span class='ocrx_word' id='word_1_220' title='bbox 50 1927 94 1967; x_wconf 88' lang='grc' dir='ltr'><em>μων</em></span> <span class='ocrx_word' id='word_1_221' title='bbox 109 1909 222 1966; x_wconf 73' lang='grc' dir='ltr'><em>δεδεγμένοι</em></span> <span class='ocrx_word' id='word_1_222' title='bbox 237 1907 374 1965; x_wconf 85' lang='grc' dir='ltr'><em>διαγάρευσιν,</em></span> <span class='ocrx_word' id='word_1_223' title='bbox 399 1908 468 1965; x_wconf 82' lang='grc' dir='ltr'><em>ἐπέστη</em></span> <span class='ocrx_word' id='word_1_224' title='bbox 486 1907 507 1952; x_wconf 80' lang='grc' dir='ltr'><em>δέ</em></span> <span class='ocrx_word' id='word_1_225' title='bbox 522 1906 533 1951; x_wconf 87' lang='grc' dir='ltr'>ὁ</span> <span class='ocrx_word' id='word_1_226' title='bbox 548 1911 582 1965; x_wconf 86' lang='grc' dir='ltr'><em>τῆς</em></span> <span class='ocrx_word' id='word_1_227' title='bbox 596 1905 671 1965; x_wconf 83' lang='grc' dir='ltr'><em>ἡμέρας</em></span> <span class='ocrx_word' id='word_1_228' title='bbox 690 1906 769 1964; x_wconf 84' lang='grc' dir='ltr'><em>πατρὸς,</em></span> 
     </span>
    </p>

    <p class='ocr_par' dir='ltr' id='par_1_6' title="bbox 0 1978 797 2117">
     <span class='ocr_line' id='line_1_26' title="bbox 1 1978 797 2044; baseline -0.004 -18"><span class='ocrx_word' id='word_1_229' title='bbox 1 2038 2 2044; x_wconf 17' lang='grc'>1</span> <span class='ocrx_word' id='word_1_230' title='bbox 51 1980 96 2026; x_wconf 78' lang='grc' dir='ltr'><em>ἀντὶ</em></span> <span class='ocrx_word' id='word_1_231' title='bbox 110 1982 203 2038; x_wconf 89' lang='grc' dir='ltr'><em>μεγίστου</em></span> <span class='ocrx_word' id='word_1_232' title='bbox 218 1979 285 2037; x_wconf 80' lang='grc' dir='ltr'><em>φωτὸς</em></span> <span class='ocrx_word' id='word_1_233' title='bbox 299 1984 333 2036; x_wconf 87' lang='grc' dir='ltr'><em>τῆς</em></span> <span class='ocrx_word' id='word_1_234' title='bbox 347 1983 384 2024; x_wconf 88' lang='grc' dir='ltr'><em>τοῦ</em></span> <span class='ocrx_word' id='word_1_235' title='bbox 400 1984 488 2039; x_wconf 80' lang='grc' dir='ltr'><em>Χριστοῦ</em></span> <span class='ocrx_word' id='word_1_236' title='bbox 502 1982 615 2038; x_wconf 80' lang='grc' dir='ltr'><em>παρουσίας</em></span> <span class='ocrx_word' id='word_1_237' title='bbox 633 1978 797 2036; x_wconf 27' lang='grc' dir='ltr'><em>ἐπιλαμήάσιηςαε</em></span> 
     </span>
     <span class='ocr_line' id='line_1_27' title="bbox 53 2051 106 2112; baseline -0.057 2"><span class='ocrx_word' id='word_1_238' title='bbox 53 2051 106 2112; x_wconf 82' lang='grc' dir='ltr'><em>ίνῐν-</em></span> 
     </span>
    </p>

    <p class='ocr_par' dir='ltr' id='par_1_7' title="bbox 1 2124 770 2193">
     <span class='ocr_line' id='line_1_28' title="bbox 1 2124 770 2193; baseline -0.003 -22"><span class='ocrx_word' id='word_1_239' title='bbox 1 2132 2 2190; x_wconf 55' lang='lat' dir='ltr'>J</span> <span class='ocrx_word' id='word_1_240' title='bbox 94 2126 156 2177; x_wconf 82' lang='lat' dir='ltr'>XIII,</span> <span class='ocrx_word' id='word_1_241' title='bbox 173 2130 204 2171; x_wconf 71' lang='lat' dir='ltr'><em>II.</em></span> <span class='ocrx_word' id='word_1_242' title='bbox 232 2124 285 2193; x_wconf 63' lang='grc' dir='ltr'><em>’ἀλλ’</em></span> <span class='ocrx_word' id='word_1_243' title='bbox 301 2124 413 2170; x_wconf 89' lang='grc' dir='ltr'><em>ἐνδύσασθέ</em></span> <span class='ocrx_word' id='word_1_244' title='bbox 429 2136 478 2184; x_wconf 90' lang='grc' dir='ltr'><em>φησι</em></span> <span class='ocrx_word' id='word_1_245' title='bbox 493 2124 528 2170; x_wconf 86' lang='grc' dir='ltr'><em>τὸν</em></span> <span class='ocrx_word' id='word_1_246' title='bbox 542 2124 615 2184; x_wconf 85' lang='grc' dir='ltr'><em>αύριον</em></span> <span class='ocrx_word' id='word_1_247' title='bbox 628 2124 705 2183; x_wconf 85' lang='grc' dir='ltr'><em>Ἰησοῦν</em></span> <span class='ocrx_word' id='word_1_248' title='bbox 723 2130 770 2180; x_wconf 85' lang='grc' dir='ltr'><em>Χρι-</em></span> 
     </span>
    </p>

    <p class='ocr_par' dir='ltr' id='par_1_8' title="bbox 1 2195 799 2547">
     <span class='ocr_line' id='line_1_29' title="bbox 1 2195 771 2256; baseline -0.004 -13"><span class='ocrx_word' id='word_1_249' title='bbox 1 2196 2 2200; x_wconf 33' lang='grc'><strong>“</strong></span> <span class='ocrx_word' id='word_1_250' title='bbox 54 2197 113 2249; x_wconf 87' lang='grc' dir='ltr'><em>στύν,</em></span> <span class='ocrx_word' id='word_1_251' title='bbox 128 2199 161 2242; x_wconf 85' lang='grc' dir='ltr'><em>ναί</em></span> <span class='ocrx_word' id='word_1_252' title='bbox 175 2201 210 2255; x_wconf 86' lang='grc' dir='ltr'><em>τῆς</em></span> <span class='ocrx_word' id='word_1_253' title='bbox 225 2197 298 2256; x_wconf 85' lang='grc' dir='ltr'><em>σαριιύς</em></span> <span class='ocrx_word' id='word_1_254' title='bbox 312 2197 411 2255; x_wconf 84' lang='grc' dir='ltr'><em>πρόνοιαν</em></span> <span class='ocrx_word' id='word_1_255' title='bbox 424 2197 451 2256; x_wconf 89' lang='grc' dir='ltr'><em>μή</em></span> <span class='ocrx_word' id='word_1_256' title='bbox 464 2203 554 2243; x_wconf 84' lang='grc' dir='ltr'><em>ποιεῖσθε</em></span> <span class='ocrx_word' id='word_1_257' title='bbox 565 2200 593 2250; x_wconf 86' lang='grc' dir='ltr'><em>είς</em></span> <span class='ocrx_word' id='word_1_258' title='bbox 606 2199 717 2254; x_wconf 90' lang='grc' dir='ltr'><em>ἐπιθυμίας.</em></span> <span class='ocrx_word' id='word_1_259' title='bbox 743 2195 771 2241; x_wconf 71' lang='lat' dir='ltr'><em>T&amp;</em></span> 
     </span>
     <span class='ocr_line' id='line_1_30' title="bbox 54 2269 771 2328; baseline -0.005 -10.27"><span class='ocrx_word' id='word_1_260' title='bbox 54 2270 166 2317; x_wconf 89' lang='grc' dir='ltr'><em>ἐνδύσασθε</em></span> <span class='ocrx_word' id='word_1_261' title='bbox 181 2270 225 2316; x_wconf 77' lang='grc' dir='ltr'><em>ἀντὶ</em></span> <span class='ocrx_word' id='word_1_262' title='bbox 239 2275 276 2316; x_wconf 90' lang='grc' dir='ltr'><em>τοῦ</em></span> <span class='ocrx_word' id='word_1_263' title='bbox 291 2269 412 2316; x_wconf 75' lang='grc' dir='ltr'><em>ἐνεδύσασθε</em></span> <span class='ocrx_word' id='word_1_264' title='bbox 427 2271 486 2328; x_wconf 80' lang='grc' dir='ltr'><em>λέγει·</em></span> <span class='ocrx_word' id='word_1_265' title='bbox 505 2269 598 2328; x_wconf 83' lang='grc' dir='ltr'><em>βούλεται</em></span> <span class='ocrx_word' id='word_1_266' title='bbox 612 2269 650 2327; x_wconf 89' lang='grc' dir='ltr'><em>γάρ</em></span> <span class='ocrx_word' id='word_1_267' title='bbox 665 2273 726 2315; x_wconf 82' lang='grc' dir='ltr'><em>είπειν</em></span> <span class='ocrx_word' id='word_1_268' title='bbox 740 2269 771 2314; x_wconf 77' lang='grc' dir='ltr'><em>ὅτι</em></span> 
     </span>
     <span class='ocr_line' id='line_1_31' title="bbox 54 2341 799 2402; baseline -0.004 -14.199"><span class='ocrx_word' id='word_1_269' title='bbox 54 2342 88 2388; x_wconf 87' lang='grc' dir='ltr'><em>διά</em></span> <span class='ocrx_word' id='word_1_270' title='bbox 105 2346 140 2401; x_wconf 86' lang='grc' dir='ltr'><em>τῆς</em></span> <span class='ocrx_word' id='word_1_271' title='bbox 158 2341 310 2400; x_wconf 89' lang='grc' dir='ltr'><em>ἀναγεννήσεως</em></span> <span class='ocrx_word' id='word_1_272' title='bbox 329 2346 366 2387; x_wconf 91' lang='grc' dir='ltr'><em>τοῦ</em></span> <span class='ocrx_word' id='word_1_273' title='bbox 381 2345 515 2400; x_wconf 82' lang='grc' dir='ltr'><em>βαπτίσματος</em></span> <span class='ocrx_word' id='word_1_274' title='bbox 530 2342 668 2399; x_wconf 86' lang='grc' dir='ltr'><em>συναφθέντες</em></span> <span class='ocrx_word' id='word_1_275' title='bbox 681 2345 709 2402; x_wconf 77' lang='grc' dir='ltr'><em>τῷ</em></span> <span class='ocrx_word' id='word_1_276' title='bbox 724 2345 799 2399; x_wconf 81' lang='grc' dir='ltr'><em>Χρι-οι</em></span> 
     </span>
     <span class='ocr_line' id='line_1_32' title="bbox 2 2412 773 2476; baseline 0 -17"><span class='ocrx_word' id='word_1_277' title='bbox 2 2443 4 2446; x_wconf 40' lang='lat' dir='ltr'>v</span> <span class='ocrx_word' id='word_1_278' title='bbox 55 2418 103 2476; x_wconf 76' lang='grc' dir='ltr'><em>στῆ,</em></span> <span class='ocrx_word' id='word_1_279' title='bbox 124 2415 157 2459; x_wconf 81' lang='grc' dir='ltr'><em>ναί</em></span> <span class='ocrx_word' id='word_1_280' title='bbox 178 2414 237 2473; x_wconf 87' lang='grc' dir='ltr'><em>μέλος</em></span> <span class='ocrx_word' id='word_1_281' title='bbox 256 2419 293 2459; x_wconf 88' lang='grc' dir='ltr'><em>τοῦ</em></span> <span class='ocrx_word' id='word_1_282' title='bbox 312 2417 383 2460; x_wconf 76' lang='grc' dir='ltr'><em>κοινοῦ</em></span> <span class='ocrx_word' id='word_1_283' title='bbox 401 2413 491 2472; x_wconf 78' lang='grc' dir='ltr'><em>σώματος</em></span> <span class='ocrx_word' id='word_1_284' title='bbox 508 2418 543 2472; x_wconf 90' lang='grc' dir='ltr'><em>τῆς</em></span> <span class='ocrx_word' id='word_1_285' title='bbox 560 2414 662 2471; x_wconf 86' lang='grc' dir='ltr'><em>ἐπαλησίας</em></span> <span class='ocrx_word' id='word_1_286' title='bbox 679 2412 773 2472; x_wconf 89' lang='grc' dir='ltr'><em>ἀποφαν-</em></span> 
     </span>
     <span class='ocr_line' id='line_1_33' title="bbox 54 2482 773 2547; baseline 0.001 -15.931"><span class='ocrx_word' id='word_1_287' title='bbox 54 2486 124 2540; x_wconf 85' lang='grc' dir='ltr'><em>θέυτες</em></span> <span class='ocrx_word' id='word_1_288' title='bbox 144 2482 206 2547; x_wconf 78' lang='grc' dir='ltr'><em>οὗπερ</em></span> <span class='ocrx_word' id='word_1_289' title='bbox 227 2487 301 2540; x_wconf 81' lang='grc' dir='ltr'><em>έπεῐνῦς</em></span> <span class='ocrx_word' id='word_1_290' title='bbox 320 2487 361 2532; x_wconf 87' lang='grc' dir='ltr'><em>ἐστι</em></span> <span class='ocrx_word' id='word_1_291' title='bbox 378 2485 465 2546; x_wconf 87' lang='grc' dir='ltr'><em>πεφαλή,</em></span> <span class='ocrx_word' id='word_1_292' title='bbox 485 2484 551 2543; x_wconf 75' lang='grc' dir='ltr'><em>ὥσπερ</em></span> <span class='ocrx_word' id='word_1_293' title='bbox 569 2484 773 2532; x_wconf 86' lang='grc' dir='ltr'><em>ἐνεδύσασθεαύτὸν</em></span> 
     </span>
    </p>

    <p class='ocr_par' dir='ltr' id='par_1_9' title="bbox 3 2547 774 2622">
     <span class='ocr_line' id='line_1_34' title="bbox 3 2547 774 2622; baseline 0.001 -18"><span class='ocrx_word' id='word_1_294' title='bbox 3 2547 4 2564; x_wconf 50' lang='lat'><em>³</em></span> <span class='ocrx_word' id='word_1_295' title='bbox 57 2564 83 2619; x_wconf 84' lang='grc' dir='ltr'><em>τῆ</em></span> <span class='ocrx_word' id='word_1_296' title='bbox 97 2563 194 2621; x_wconf 83' lang='grc' dir='ltr'><em>ποινωνίμ</em></span> <span class='ocrx_word' id='word_1_297' title='bbox 208 2564 248 2605; x_wconf 77' lang='grc' dir='ltr'><em>τῶν</em></span> <span class='ocrx_word' id='word_1_298' title='bbox 263 2559 442 2619; x_wconf 73' lang='grc' dir='ltr'><em>προσδοκωμένων,</em></span> <span class='ocrx_word' id='word_1_299' title='bbox 458 2557 511 2603; x_wconf 85' lang='grc' dir='ltr'><em>παθδ</em></span> <span class='ocrx_word' id='word_1_300' title='bbox 521 2559 554 2602; x_wconf 82' lang='grc' dir='ltr'><em>ναί</em></span> <span class='ocrx_word' id='word_1_301' title='bbox 564 2567 707 2617; x_wconf 82' lang='grc' dir='ltr'><em>συμμετασχεῖν</em></span> <span class='ocrx_word' id='word_1_302' title='bbox 720 2558 774 2622; x_wconf 74' lang='grc' dir='ltr'><em>αύτῷ</em></span> 
     </span>
    </p>

    <p class='ocr_par' dir='ltr' id='par_1_10' title="bbox 3 2629 801 2909">
     <span class='ocr_line' id='line_1_35' title="bbox 3 2629 774 2693; baseline 0.001 -17"><span class='ocrx_word' id='word_1_303' title='bbox 3 2629 4 2655; x_wconf 64' lang='lat'><em>³</em></span> <span class='ocrx_word' id='word_1_304' title='bbox 55 2636 90 2690; x_wconf 88' lang='grc' dir='ltr'><em>τῆς</em></span> <span class='ocrx_word' id='word_1_305' title='bbox 104 2631 231 2684; x_wconf 89' lang='grc' dir='ltr'><em>ἀναστάσεως</em></span> <span class='ocrx_word' id='word_1_306' title='bbox 246 2633 338 2686; x_wconf 73' lang='grc' dir='ltr'><em>ἐλπίζετε</em></span> <span class='ocrx_word' id='word_1_307' title='bbox 355 2633 428 2676; x_wconf 88' lang='grc' dir='ltr'><em>δίπαιυι</em></span> <span class='ocrx_word' id='word_1_308' title='bbox 442 2632 511 2676; x_wconf 92' lang='grc' dir='ltr'><em>τοίνυν</em></span> <span class='ocrx_word' id='word_1_309' title='bbox 526 2629 551 2676; x_wconf 84' lang='grc' dir='ltr'><em>ἀν</em></span> <span class='ocrx_word' id='word_1_310' title='bbox 567 2633 617 2688; x_wconf 88' lang='grc' dir='ltr'><em>είητε</em></span> <span class='ocrx_word' id='word_1_311' title='bbox 631 2630 655 2676; x_wconf 87' lang='grc' dir='ltr'><em>τά</em></span> <span class='ocrx_word' id='word_1_312' title='bbox 673 2633 774 2693; x_wconf 69' lang='grc' dir='ltr'><em>πρέποντα</em></span> 
     </span>
     <span class='ocr_line' id='line_1_36' title="bbox 57 2697 801 2765; baseline -0.001 -15.066"><span class='ocrx_word' id='word_1_313' title='bbox 57 2709 82 2765; x_wconf 86' lang='grc' dir='ltr'><em>τῆ</em></span> <span class='ocrx_word' id='word_1_314' title='bbox 96 2702 215 2751; x_wconf 86' lang='grc' dir='ltr'><em>ααταστάσει</em></span> <span class='ocrx_word' id='word_1_315' title='bbox 230 2710 314 2764; x_wconf 82' lang='grc' dir='ltr'><em>φρονεῖν</em></span> <span class='ocrx_word' id='word_1_316' title='bbox 329 2705 401 2763; x_wconf 78' lang='grc' dir='ltr'><em>ἐκείνη,</em></span> <span class='ocrx_word' id='word_1_317' title='bbox 424 2703 445 2748; x_wconf 87' lang='grc' dir='ltr'><em>έν</em></span> <span class='ocrx_word' id='word_1_318' title='bbox 460 2697 510 2762; x_wconf 78' lang='grc' dir='ltr'><em>ᾗπερ</em></span> <span class='ocrx_word' id='word_1_319' title='bbox 526 2703 603 2749; x_wconf 88' lang='grc' dir='ltr'><em>ἀπαντα</em></span> <span class='ocrx_word' id='word_1_320' title='bbox 620 2710 737 2752; x_wconf 87' lang='grc' dir='ltr'><em>πεπαῦσθαι</em></span> <span class='ocrx_word' id='word_1_321' title='bbox 751 2706 801 2752; x_wconf 79' lang='grc' dir='ltr'><em>τάεε</em></span> 
     </span>
     <span class='ocr_line' id='line_1_37' title="bbox 56 2768 773 2837; baseline 0.003 -13.865"><span class='ocrx_word' id='word_1_322' title='bbox 56 2782 141 2823; x_wconf 86' lang='grc' dir='ltr'><em>τοιαῦτα</em></span> <span class='ocrx_word' id='word_1_323' title='bbox 155 2775 242 2834; x_wconf 82' lang='grc' dir='ltr'><em>ἀνάγηη·</em></span> <span class='ocrx_word' id='word_1_324' title='bbox 258 2777 318 2823; x_wconf 81' lang='grc' dir='ltr'><em>οὐδέν</em></span> <span class='ocrx_word' id='word_1_325' title='bbox 333 2773 371 2823; x_wconf 87' lang='grc' dir='ltr'><em>οάν</em></span> <span class='ocrx_word' id='word_1_326' title='bbox 385 2768 480 2821; x_wconf 81' lang='grc' dir='ltr'><em>ἐπιτελεῖν</em></span> <span class='ocrx_word' id='word_1_327' title='bbox 494 2781 587 2822; x_wconf 87' lang='grc' dir='ltr'><em>τοιοῦτον</em></span> <span class='ocrx_word' id='word_1_328' title='bbox 603 2784 703 2837; x_wconf 78' lang='grc' dir='ltr'><em>προσῆγεν</em></span> <span class='ocrx_word' id='word_1_329' title='bbox 716 2777 773 2836; x_wconf 83' lang='grc' dir='ltr'><em>ήμάς,</em></span> 
     </span>
     <span class='ocr_line' id='line_1_38' title="bbox 59 2846 775 2909; baseline 0.005 -16.715"><span class='ocrx_word' id='word_1_330' title='bbox 59 2847 103 2893; x_wconf 84' lang='grc' dir='ltr'><em>οἷον</em></span> <span class='ocrx_word' id='word_1_331' title='bbox 121 2847 131 2893; x_wconf 81' lang='grc' dir='ltr'><em>ὅ</em></span> <span class='ocrx_word' id='word_1_332' title='bbox 149 2848 186 2907; x_wconf 81' lang='grc' dir='ltr'><em>μέν</em></span> <span class='ocrx_word' id='word_1_333' title='bbox 203 2846 253 2892; x_wconf 81' lang='grc' dir='ltr'><em>αίάιν</em></span> <span class='ocrx_word' id='word_1_334' title='bbox 270 2850 345 2900; x_wconf 79' lang='grc' dir='ltr'><em>ἐκεῖνος</em></span> <span class='ocrx_word' id='word_1_335' title='bbox 365 2846 390 2893; x_wconf 88' lang='grc' dir='ltr'><em>οῦ</em></span> <span class='ocrx_word' id='word_1_336' title='bbox 409 2847 492 2902; x_wconf 81' lang='grc' dir='ltr'><em>δέξεται·</em></span> <span class='ocrx_word' id='word_1_337' title='bbox 516 2849 545 2893; x_wconf 74' lang='grc' dir='ltr'><em>ἐπὶ</em></span> <span class='ocrx_word' id='word_1_338' title='bbox 561 2849 582 2894; x_wconf 83' lang='grc' dir='ltr'><em>δέ</em></span> <span class='ocrx_word' id='word_1_339' title='bbox 596 2854 637 2895; x_wconf 76' lang='grc' dir='ltr'><em>τῶν</em></span> <span class='ocrx_word' id='word_1_340' title='bbox 654 2856 775 2909; x_wconf 85' lang='grc' dir='ltr'><em>φιλαμαρτη-</em></span> 
     </span>
    </p>

    <p class='ocr_par' dir='ltr' id='par_1_11' title="bbox 5 2908 775 2982">
     <span class='ocr_line' id='line_1_39' title="bbox 5 2908 775 2982; baseline 0.004 -18"><span class='ocrx_word' id='word_1_341' title='bbox 5 2908 8 2941; x_wconf 61' lang='lat' dir='ltr'>I</span> <span class='ocrx_word' id='word_1_342' title='bbox 58 2921 128 2977; x_wconf 87' lang='grc' dir='ltr'><em>μύνων</em></span> <span class='ocrx_word' id='word_1_343' title='bbox 146 2920 237 2979; x_wconf 89' lang='grc' dir='ltr'><em>πάροδον</em></span> <span class='ocrx_word' id='word_1_344' title='bbox 256 2921 295 2978; x_wconf 84' lang='grc' dir='ltr'><em>ἐηει</em></span> <span class='ocrx_word' id='word_1_345' title='bbox 311 2920 361 2966; x_wconf 86' lang='grc' dir='ltr'><em>πατά</em></span> <span class='ocrx_word' id='word_1_346' title='bbox 379 2920 414 2965; x_wconf 90' lang='grc' dir='ltr'><em>τδν</em></span> <span class='ocrx_word' id='word_1_347' title='bbox 429 2919 520 2976; x_wconf 83' lang='grc' dir='ltr'><em>παρόντα</em></span> <span class='ocrx_word' id='word_1_348' title='bbox 534 2921 615 2980; x_wconf 87' lang='grc' dir='ltr'><em>παιρὸν,</em></span> <span class='ocrx_word' id='word_1_349' title='bbox 638 2923 689 2968; x_wconf 81' lang='grc' dir='ltr'><em>ἐνθα</em></span> <span class='ocrx_word' id='word_1_350' title='bbox 706 2927 775 2982; x_wconf 73' lang='grc' dir='ltr'><em>φθορᾷ</em></span> 
     </span>
    </p>
   </div>
   <div class='ocr_carea' id='block_1_3' title="bbox 0 0 886 3073">
    <p class='ocr_par' dir='ltr' id='par_1_12' title="bbox 0 0 886 3073">
     <span class='ocr_line' id='line_1_40' title="bbox 0 0 886 3073; baseline 0 0"><span class='ocrx_word' id='word_1_351' title='bbox 0 0 886 3073; x_wconf 95' lang='lat' dir='ltr'><em> </em></span> 
     </span>
    </p>
   </div>
  </div>
 </body>
</html>
