1773 3073
154 85 186 124 ίΟἶλ
373 85 484 120 THEODORI
496 85 647 121 MOPSVESTENI

156 195 178 247 δς
192 195 228 239 τὸν
240 192 328 250 Ἀβραὰμ
343 190 471 247 ἐκλεξάμενος
486 192 603 249 ἐπαγγελίας
617 192 668 251 πρὸς
683 191 745 237 αῦτδν
762 190 869 249 ἐποιήσατο

155 270 191 311 τοῦ
206 262 357 320 ἐπιμελήσεσθαι
366 262 408 320 ’μέν
422 266 462 306 τῶν
473 264 492 317 έξ
503 262 576 318 αὐτοῦ,
592 263 683 322 ποιήσειν
698 263 719 307 δέ
733 264 766 308 ααί
780 262 804 307 τδι
821 262 870 318 έθνή

155 336 219 382 ποίντα
233 332 267 378 διὰ
281 336 315 390 τής
330 331 380 390 πρὸς
395 331 458 378 αῦτῦν
473 351 493 378 τε
507 336 541 378 ααὶ
555 333 577 378 τδ
592 333 655 379 αὐτοῦ
667 333 744 394 σπέρμα
755 331 871 385 οίιιειῦσεως

154 412 194 452 τοῖν
207 404 252 463 παρ’
268 404 331 450 αὐτοῦ
345 411 411 463 ταχεῖα
427 403 533 463 εῦλογιῦν,
557 405 606 452 ιδστε
624 407 715 459 δίπαντας
732 405 782 452 θεόν
796 424 817 451 τε
831 409 872 451 τοῖν

140 476 249 525 εδπιίντιιν
268 480 333 523 α’ίτιον
354 476 511 536 έπιγιγνῦσαειν,
531 480 564 523 παὶ
583 480 659 538 πατέρα
677 482 751 524 οίαεῖον
766 477 872 538 ἐπιγράφε-

155 558 204 596 σθαι
222 549 258 594 τδν
276 549 378 610 Ἀβρααμ,
399 552 443 610 περὶ
463 555 539 596 πολλοῦ
556 551 593 610 τήν
610 551 660 610 πρὸς
678 551 701 597 τδ
716 550 793 610 σπέρμα
809 549 872 596 αὐτοῦ

154 624 271 681 τιθεμένους
286 626 391 668 οἰαείωσιν.
415 625 471 669 Ἔδει
488 624 523 681 μέν
543 620 580 668 οῦν
595 624 631 676 τδς
645 624 695 680 πρὸς
708 623 799 680 Ἀβραδιμ
814 624 874 679 ἐπαγ-

155 697 221 752 γελίας
235 693 296 751 πέρας
311 698 380 752 λαβεῖν
395 697 439 753 περὶ
453 699 490 740 τοῦ
505 694 583 740 ίίπαντα
597 694 622 740 τδι
638 695 687 753 έθνή
701 693 725 739 δι’
737 692 801 739 αὐτοῦ
811 711 831 737 τε
841 695 875 737 ααὶ

155 772 192 813 τοῦ
211 766 323 824 σπέρματος
343 766 406 813 αῦτοῦ
426 775 493 825 τυχεῖν
511 773 551 813 των
569 768 624 825 παρδ
641 772 677 813 τοῦ
696 772 746 812 θεοῦ
767 766 873 823 εῦλογιῦν

131 838 224 896 ινέπειδή
244 838 265 882 δέ
284 841 304 882 οί
320 844 409 883 πλεῖστοι
425 843 465 883 των
479 839 581 884 Ἰουδαίων
597 838 656 884 οὐδέν
670 845 705 898 τής
719 843 756 884 τοῦ
771 843 821 883 θεοῦ
840 855 873 894 αχ-

156 913 249 969 δεμονίας
260 910 317 964 ίίξιον
330 910 480 970 διεπράττοντο,
497 910 544 956 οῦδὲ
559 912 639 970 έαβασιν
655 914 676 955 αί
689 915 725 956 τοῦ
740 915 791 956 θεοῦ
806 914 874 968 λαβεῖν

156 983 271 1042 ὑποσχέσεις
286 983 319 1029 διδ
333 983 370 1041 τήν
385 984 464 1028 έαείνων
480 983 577 1029 έδῦναντο
590 986 669 1037 πανίαν,
685 982 776 1028 δεοίννν
787 980 874 1038 Χριστὸς

158 1056 235 1101 έαεῖθεν
249 1054 298 1099 αατίι
314 1053 378 1112 σίιραα
392 1055 415 1100 τὸ
429 1055 487 1113 γένος
501 1056 602 1113 ααταίγων,
618 1054 710 1114 ήνέσχετο
726 1056 822 1109 δέξασθαι
837 1053 874 1112 τήν

157 1125 274 1184 περιτομήν,
290 1129 376 1183 καίτοιγε
391 1126 487 1183 οὐδεμίαν
503 1128 552 1184 έχων
567 1126 656 1184 οίνιίγεαχα
670 1126 720 1171 αατδ
732 1126 780 1179 τοῦς
790 1125 873 1178 λοιποῦς

133 1199 275 1253 ιε’λονδαίονς,
292 1202 311 1242 οδ
325 1197 358 1243 διδ
372 1197 409 1255 τήν
424 1200 499 1243 οίαείαν
514 1197 660 1256 ιίγνωμοσῦνιχν
676 1198 788 1256 δναγιιαίως
801 1199 831 1243 ἐπὶ
842 1202 877 1255 τῆς

159 1270 232 1329 σαραδς
245 1274 282 1314 τοῦ
298 1270 375 1326 τρόπον
392 1270 428 1315 τὸν
446 1271 526 1327 έλεγχον
544 1271 638 1327 φέρουσι·
658 1273 712 1322 τίνος
731 1270 770 1328 γδρ
787 1272 820 1316 παλ
838 1271 877 1315 έδει

159 1346 199 1387 τῶν
214 1342 288 1396 έξωθεν
300 1345 328 1402 τῷ
338 1346 418 1402 Χριστῷ
433 1342 464 1386 ἐπὶ
478 1346 513 1399 τῆς
529 1344 601 1393 οίιιείας
615 1340 695 1399 γνιίμιχς
710 1342 745 1395 ταίς
758 1359 779 1387 τε
793 1340 876 1399 ῦποσχέ-

161 1426 200 1467 σεις
220 1417 334 1472 βεβαιοῦντι
351 1416 384 1459 παὶ
402 1419 438 1459 τοῦ
455 1413 520 1472 νόμον
537 1419 647 1473 πλιχροῦντι
662 1413 687 1460 ’τὸ
705 1414 806 1473 βοῦλιχμας
828 1414 877 1460 ιίλλδι

160 1489 267 1532 καὶτοῦτο
282 1490 355 1542 είλετο,
370 1488 419 1532 ιδστε
435 1488 485 1545 ἔχειν
499 1492 533 1545 τής
548 1487 598 1545 πρὸς
613 1487 648 1532 τὸν
663 1487 781 1547 προπάτορα
797 1489 878 1545 έπαγγε-

88 1592 94 1600 .
136 1562 206 1612 εολίας
219 1557 242 1604 ιδ
257 1557 367 1617 σῦμβολον,
387 1562 420 1603 ίνα
435 1558 483 1604 ὅταν
498 1559 583 1621 ἅπαντες
598 1560 628 1603 έπί
643 1559 731 1617 Χριστὸν
748 1558 877 1614 πιστεῦσωσι,

162 1631 198 1677 τὸν
213 1633 234 1676 έα
249 1635 285 1676 τοῦ
297 1629 386 1689 Ἀβρααμ
401 1630 423 1675 τδ
438 1631 495 1687 γένος
509 1630 631 1687 ιιατιίγοντα,
647 1631 771 1688 ἐπαγόμενον
786 1631 834 1689 μετίι
843 1636 878 1688 τής

162 1702 213 1747 αατδ
227 1701 264 1759 τήν
279 1700 341 1757 φύσιν
356 1700 476 1758 οίαειότιχτος
490 1703 523 1745 οιαὶ
537 1701 560 1745 τδ
571 1701 682 1760 σύμβολον,
697 1706 731 1761 τής
741 1702 792 1761 πρὸς
802 1702 879 1747 έιιεῖνον

163 1773 287 1831 ὑποσχέσεως
302 1772 369 1829 αίλιχθή
383 1774 416 1817 ααί
430 1776 512 1830 βεβαίαν
526 1772 563 1830 τήν
578 1774 659 1830 έαβασιν
673 1774 788 1831 δεχομένης,
812 1773 841 1818 ὅτι
860 1776 880 1817 οί

165 1844 203 1891 δπὸ
224 1845 291 1890 έθνῦν
310 1845 340 1889 έπί
358 1844 394 1890 τδν
412 1844 499 1900 Χριστὸν
520 1846 595 1890 έιιείνοα
613 1845 690 1903 σπέρμα
709 1845 834 1905 τογχιίνοντα
848 1862 879 1891 πι-

138 1918 289 1968 εεστεῦσονται,
312 1916 363 1975 ὁμοῦ
381 1935 401 1962 τε
417 1918 453 1962 τὸν
468 1916 558 1976 Ἀβρααμ
575 1918 723 1976 ἐπιγράφεσθαι
737 1919 822 1977 πατέρα,
844 1920 876 1964 ααί

164 1990 197 2037 διδ
215 1993 249 2047 τής
266 1989 317 2044 πρὸς
335 1989 371 2034 τὸν
388 1990 407 2043 έξ
425 1988 489 2035 αὐτοῦ
507 1989 622 2042 οίαειαίσεως
641 1994 681 2034 των
701 1989 755 2048 παρα
774 1994 811 2035 τοῦ
828 1994 880 2036 θεοῦ

164 2070 230 2110 ααλῦν
252 2062 400 2118 ιίπολαῦοντας,
421 2067 516 2121 βεβαιοῦν
536 2066 575 2107 τῦν
593 2062 701 2121 εἰρημένων
718 2062 755 2121 τήν
775 2061 879 2120 ιίλήθειαν.

165 2135 236 2180 Είλετῦ
251 2147 322 2191 φησιν,
338 2133 348 2177 ὁ
364 2134 450 2190 Χριστὸς
464 2135 501 2190 τήν
515 2134 632 2191 περιτομήν,
653 2135 758 2190 δεξάμενος
773 2134 838 2193 ὥσπέρ
852 2152 882 2186 τις

165 2207 259 2257 διίιαονος
279 2206 373 2262 γενέσθαι
393 2209 433 2249 τῦν
455 2203 581 2261 ὑποσχέσεων
599 2206 632 2254 ,ἐπὶ
652 2204 717 2265 τοῦπερ
737 2209 837 2250 δοθεισῶν
854 2209 882 2266 τῷ

140 2277 267 2337 εοσαμβίλιμ,
289 2276 338 2321 ίίσιε
355 2280 391 2320 τοῦ
409 2280 460 2320 θεοῦ
480 2280 570 2332 φανῆναι
587 2275 624 2331 τήν
642 2274 748 2332 ιίλήθειαα,
770 2277 831 2335 πέρας
848 2280 882 2334 τής

166 2351 216 2410 πρὸς
236 2349 284 2403 τοὺς
304 2347 390 2406 πατέρας
412 2346 536 2406 δποσχέσεως
559 2346 611 2392 οὕτω
632 2346 783 2405 λαμβανούσης·
807 2348 883 2394 οῦαοῦν

165 2423 258 2468 Ἰουδαῖοι
272 2422 308 2480 μέν
323 2420 405 2467 έπειδίιν
420 2422 497 2465 έαεῖθεν
512 2424 592 2482 Χριστῷ
607 2418 748 2474 πιστεύσωσιν,
764 2419 883 2474 ἀκολούθως

168 2495 207 2540 τίπδ
221 2500 261 2541 τοῖν
275 2500 342 2541 ααλῦν
357 2496 386 2540 έπί
401 2494 426 2539 τοί
437 2497 517 2553 αρείττω
527 2496 666 2552 μεθίστανται,
683 2494 702 2537 οί
716 2492 737 2537 δέ
752 2511 774 2550 γε
789 2492 828 2539 ιίπδ
841 2492 882 2538 Ἑλ-

168 2566 233 2624 λήνων
242 2568 358 2623 προσιόντες
369 2569 512 2627 φιλανθρωπίᾳ
527 2570 577 2611 θεοῦ
592 2565 629 2623 τήν
644 2564 694 2621 πρὸς
708 2569 770 2610 ταῦτα
786 2568 883 2611 οἰαείωσιν

142 2638 264 2695 οοδέχονται,
297 2643 364 2684 Ταῦτα
379 2638 414 2695 μέν
430 2633 467 2683 οῦν
482 2641 509 2690 είς
524 2637 620 2683 σύστασιν
636 2637 673 2693 έφιχ
687 2640 727 2682 τῦν
741 2637 793 2683 αατδ
810 2636 883 2695 νόμον,

215 2803 239 2829 εν.
252 2797 295 2838 spic.
308 2796 326 2830 τὸ
339 2795 385 2836 τοὺς,
403 2807 444 2840 quae
457 2808 471 2832 v.
485 2800 501 2831 in
514 2791 540 2832 δτι
552 2795 568 2831 οί
581 2796 659 2830 mutanda
673 2799 734 2833 censui,
759 2799 835 2831 ceterum
848 2806 884 2830 sen-

169 2858 220 2892 Ιοαίίο
233 2855 332 2891 ειιοοολοίλιο
344 2856 403 2891 affecta
415 2861 440 2891 εει
452 2858 473 2891 οί.
492 2868 500 2891 v.
514 2856 541 2890 ίνα
554 2879 566 2884 -
580 2852 705 2900 ἐπιγράφεσθαι
716 2876 732 2881 -
743 2856 827 2903 βεβαιοῦν,
