1723 3073
232 128 253 160 ΙΝ
266 126 388 160 EPlsTOLAM
400 128 428 160 ΑΙ)
441 126 549 161 ROMANOS.
730 119 751 154 93

35 230 85 287 λέγω
99 233 134 288 της
148 233 188 275 τῶν
203 231 299 288 χειρόνων
313 231 401 290 πράξεως
415 233 447 277 καί
461 232 484 278 τό
500 231 584 291 άσχετόυ
599 246 644 275 τινα
661 230 702 272 τῶν
718 243 751 272 κα-

35 305 76 347 λῶν
90 302 121 347 ἐπί
137 305 172 359 τῆς
185 305 251 360 φυχῆς
266 301 316 360 ἐχειν
330 303 365 348 τόν
380 303 451 363 ἐρωτα,
467 303 519 350 εύθύ
528 304 565 362 μέυ
575 302 627 363 ἡμᾶς
638 301 659 346 ἐν
670 300 753 350 ἐκείνοις

35 378 162 432 καταστῆσαι.
192 372 222 418 Ού
237 379 302 427 καλῶς
317 375 367 434 ἐχειν
381 374 508 434 ἡγησαμένου
522 380 559 421 τού
574 378 641 433 σοφυύ
655 376 696 418 τῶν
713 381 753 426 ψυ-

35 450 75 505 χῶν
86 445 205 502 υίκυνύμου,
221 444 247 497 ῶς
257 445 283 490 άν
298 446 324 503 μη
340 447 414 504 άλογόν
427 465 472 493 τινα
486 450 519 493 καὶ
534 447 650 506 ἀδιάκριτον
665 446 752 490 ἐνούσαν

36 515 84 576 ημῖν
99 516 177 575 ἐχοιμεν
191 520 228 562 τού
242 521 306 563 καλοῦ
318 516 354 575 την
365 518 413 574 ἐξιν,
430 519 557 577 ἐγγενομένης
572 518 593 564 δὲ
607 516 654 577 ἡμίν
669 518 700 563 ἐπὶ
714 519 752 561 ποῶ
771 525 779 553 5

36 589 136 648 παρόντος
151 591 197 647 βίον
211 588 257 634 καθ’
274 588 298 634 δν
314 589 364 648 ἐφην
378 592 454 647 τρόπον
468 595 503 647 τῆς
517 594 553 634 τού
563 595 625 635 καλοῦ
635 588 751 647 μαθήσεως,

36 659 167 717 εὐκαιρότατα
182 661 213 704 καί
228 660 282 716 μάλα
296 676 318 717 γε
334 660 446 716 άναγκαίως
464 664 504 704 τῶιι
518 660 630 717 μελλόντων
647 661 752 717 παρέχεται

36 731 73 788 τὴν
87 731 216 776 κατάστασιν·
231 736 291 776 τοῦτο
305 733 351 788 μέν,
367 735 401 775 ίνα
414 731 464 775 κατά
477 731 588 788 παράθεσιν
597 737 637 776 τῶν
646 731 753 789 παρόντων

37 802 124 861 άκριβῶς
138 802 211 847 είδέναι
224 806 264 846 τῶν
278 801 322 846 τότε
336 801 359 847 τό
374 800 474 860 διάφορον
492 802 573 860 ἔχωμεν,
598 807 658 847 τουτο
675 803 705 858 δέ,
726 800 753 854 ῶς

36 874 62 920 ιέν
77 878 146 933 λογικῇ
160 872 275 930 πρεπόντως
293 871 354 930 φύσει
371 877 406 929 της
424 878 462 917 τοῦ
475 878 539 918 καλυύ
552 874 696 930 κατορθώσεως
710 876 752 918 αι’σ-
761 886 779 915 ιν

37 945 160 1005 θανούμεθα,
177 940 205 990 ῶν
216 945 305 989 ἐνταῦθα
319 943 369 989 κατά
383 943 420 1004 τὴν
435 943 549 1009 άπόρίρητον
563 950 599 990 τού
614 949 663 991 θεοῦ
679 947 753 1002 σοφίαν

37 1022 131 1072 ποικίλως
145 1018 182 1075 τὴν
197 1021 272 1076 είδησιν
287 1016 407 1076 ἐδεξάμεθα,
428 1022 490 1062 ταῦτα
507 1017 551 1063 τότε
567 1018 635 1064 πόνων
653 1017 709 1070 ἐκτός
728 1023 753 1077 τῇ

37 1096 74 1136 τοῦ
88 1090 201 1148 πνεύματος
215 1089 279 1148 χάριτι
294 1090 439 1148 κατορθωμένα
454 1091 476 1134 ἐν
490 1088 537 1146 ἡμῖν
552 1088 644 1148 ὁρῶντες,
667 1092 754 1146 καίτοιγε

39 1163 69 1208 ἐπὶ
92 1167 129 1207 τού
148 1162 249 1221 παρόντος
269 1161 316 1207 υύδέ
335 1160 383 1219 μετά
403 1160 471 1208 πόνων
489 1165 631 1220 παραπλησίως
649 1169 690 1215 τοῖς
710 1160 754 1207 τότε

38 1234 160 1292 καθαρεύειν
174 1239 210 1291 τῆς
223 1238 263 1278 τῶν
278 1232 358 1278 άτόπων
372 1233 481 1290 δυνάμενοι
494 1233 589 1292 πράξεως.
621 1238 689 1278 Ταῦτα
705 1232 780 1290 ημῖνιι

38 1310 114 1366 είρηται
132 1307 162 1351 ἐπὶ
179 1305 202 1351 τό
218 1305 340 1365 σαφέστερον
354 1304 448 1362 γενέσθαι
463 1307 481 1350 τί
495 1322 542 1350 ποτε
557 1304 568 1351 ὁ
582 1304 693 1358 άπύστολυς
707 1304 754 1363 βού-

38 1384 90 1423 λεται
105 1378 169 1434 λέγων
183 1377 206 1423 τό
220 1380 249 1429 τίς
263 1375 275 1433 ἡ
290 1378 413 1434 πρόσληψις,
435 1379 451 1421 εί
468 1376 494 1434 μη
514 1376 552 1434 ζωὴ
572 1378 594 1421 ἐκ
610 1381 692 1434 νεκρῶν.
719 1376 755 1430 Ὡς

38 1447 76 1507 γάρ
92 1448 169 1494 ἐκείνου
183 1447 219 1506 μέν
233 1446 284 1505 πρὸς
298 1445 335 1506 την
349 1450 389 1491 τῶν
404 1447 477 1492 ἐνθάδε
492 1450 635 1499 συντελοῦντος
649 1450 754 1500 τελείωσιν,

38 1520 72 1566 διά
87 1521 109 1565 δέ
123 1524 183 1565 τούτο
198 1518 254 1577 ἡμῶν
269 1520 300 1563 ἐπὶ
314 1524 351 1564 τού
365 1518 466 1577 παρόντος
480 1521 526 1576 βίου
540 1518 652 1575 γεγονότων
666 1524 755 1576 θνητῶν,

38 1596 72 1638 ίνα
90 1596 125 1649 της
140 1589 237 1649 άρετηςη
254 1592 373 1635 διδασκαλία
390 1589 441 1635 κατά
454 1588 478 1635 τό
492 1593 595 1649 προσηκον
614 1588 662 1648 ἡμῖν
679 1589 784 1649 ἐγγένηὲεθ

38 1683 69 1709 ται
84 1662 192 1722 πρότερον,
211 1661 252 1708 εἶτα
266 1666 306 1708 τῶν
324 1660 436 1720 μελλόντων
454 1662 485 1707 ἐπὶ
499 1664 562 1722 τελεία
576 1661 701 1721 κατορθώσει
717 1667 758 1708 τῶν

39 1736 169 1795 ἐγνωσμένων
186 1734 291 1793 δεξώμεθα
305 1733 343 1792 την
357 1732 478 1790 άπόλανσιν,
495 1738 555 1779 τούτο
571 1734 630 1792 λέγει,
646 1733 677 1779 ὅτι
695 1733 759 1793 ὀλίγοι

40 1879 140 1937 ἐγένοντυ,
156 1879 188 1924 καὶ
203 1876 227 1923 δι’
243 1878 324 1922 ἐκείνων
338 1877 360 1922 τό
375 1883 442 1937 τυχεῖν
455 1881 491 1937 τῆς
505 1876 559 1935 παρά
573 1882 610 1923 τού
624 1882 676 1923 θεοῦ
686 1883 759 1924 καταλ-

39 1955 101 2010 λαγάς
115 1949 190 2010 ὑπῆρξε
205 1953 278 2008 μικροῦ
292 1951 352 1994 παντί
365 1953 393 2011 τῷ
407 1949 484 2012 κόσμῳ·
500 1953 517 1994 εί
528 1951 549 1994 δε
559 1950 631 2004 πάντες
642 1952 759 1997 ἐπίστευσαν
766 1962 785 1993 κε

39 2024 133 2070 Ἰουδαῖοι
153 2022 258 2069 άκόλυυθα
278 2027 302 2082 τῇ
322 2027 359 2067 τού
382 2022 447 2080 νόμον
466 2026 592 2085 παιδαγωγίηι
612 2024 759 2083 φρονήσαντες,

39 2096 141 2156 πρόδηλον
160 2095 196 2154 μέν
215 2094 242 2149 ῶς
261 2095 375 2154 ἐτοιμοτέρα
392 2096 426 2139 καί
441 2101 483 2147 τοίς
502 2095 570 2141 ἐθυεσι
584 2095 618 2141 διά
632 2101 667 2155 τῆς
681 2095 759 2142 τούτων

41 2171 159 2227 συμφωνίας
176 2166 188 2225 ἡ
204 2168 233 2211 ἐπὶ
248 2166 284 2212 τόν
299 2166 387 2224 Χριστόν
402 2168 476 2223 ἐγίνετο
490 2170 566 2219 πίστις’
588 2173 637 2213 πάσι
651 2169 673 2213 δέ
687 2168 758 2213 λοιπόν

40 2246 78 2287 τοῦ
92 2244 127 2298 τῆς
142 2237 242 2298 εὐσεβείας
257 2236 338 2304 ἐνόντος
347 2237 475 2296 μαθήματος,
491 2238 551 2285 οὐδὲν
566 2239 592 2285 άν
607 2239 704 2286 ἐκύλυσεν
718 2245 758 2285 τῶν
813 2286 814 2297 ,

40 2317 116 2371 νεκρῶν
138 2311 175 2370 την
198 2310 308 2356 άνάστασιν
330 2309 467 2369 άκυλουθῆσαι
488 2311 568 2365 τούτοις
588 2312 611 2357 τό
635 2310 784 2357 τελειότατονελ
808 2311 811 2326 ⁵

42 2385 135 2442 άγαθύν,
156 2386 189 2429 καί
208 2378 233 2428 ού
250 2383 274 2441 δη
289 2382 443 2441 ταύτηςένεκεν
456 2387 491 2441 της
506 2387 569 2437 αίτίας
584 2384 608 2429 ού
626 2384 758 2443 τετυχήκαμεν

42 2457 87 2516 άχρι
104 2459 140 2501 τού
158 2457 227 2512 δεῦρο,
249 2453 298 2499 ἐίστε
319 2452 390 2513 άνριβη
409 2453 507 2513 πρότερον
525 2452 573 2513 ἡμῖν
590 2459 627 2500 τού
643 2459 706 2501 καλού
721 2456 758 2516 τὴν

41 2527 131 2587 μάθησιν
150 2526 275 2584 ἐγγενέσθαι,
296 2524 322 2577 ῶς
342 2529 381 2582 είγε
399 2530 459 2571 τούτο
477 2523 573 2584 ὑπῆρξεν,
593 2529 658 2572 είπετυ
677 2528 758 2575 κάκεῖνο

42 2599 127 2651 πάντως.
153 2597 177 2643 ‘0
195 2598 263 2657 μέντοι
282 2596 378 2656 μακάριος
397 2602 479 2650 Παῦλος
496 2598 562 2656 ἐπειδὴ
585 2598 702 2660 άπεφηνατο
722 2602 759 2661 τίχυ

42 2670 154 2731 μεταβολὴν
169 2670 236 2715 αὐτῶν
251 2671 272 2715 ἐν
288 2669 368 2728 άγαθού
383 2672 425 2714 δεῖν
439 2672 533 2716 τίθεσθαι
543 2673 611 2733 μοίρηι,
625 2677 699 2720 τούτου
710 2675 786 2732 ἐχωνοε

43 2744 68 2791 δι’
83 2746 132 2791 ὅλου
147 2741 224 2788 σκοπόν
238 2742 287 2796 τούς
301 2743 321 2797 ἐξ
335 2743 402 2788 ἐθνῶν
415 2745 531 2799 παιδεύσαι,
549 2746 669 2803 προσίεσθαι
683 2751 760 2805 μάλλον

89 2901 113 2927 ιο.
126 2892 181 2935 θρίωι
193 2886 268 2930 τούτους.
