1723 3073
228 136 250 170 IN
263 135 387 172 EPISTULAM
399 136 427 169 An
440 132 752 170 ΕΡΗΕ8105.133

36 237 121 283 δίναι
109 243 170 296 υμάς,
192 242 222 290 τίς
240 240 292 283 ἐστιν
312 239 324 296 ἡ
340 242 394 293 ἐλπίς
408 257 443 329 της
456 240 544 298 κλήσεως
558 238 633 291 αάτοῦ,
657 237 702 284 ἀντί
716 241 753 282 τοῦ

37 310 67 356 ἐπί
86 313 153 363 ποίαις
172 310 235 356 ἐλπίσι
253 311 365 370 κεκλίγμεθα
377 312 429 400 ,avoco
450 313 521 369 αὐτοῦ,
544 314 577 359 καί
594 310 649 365 τίςὸ
666 300 755 362 πλοῦτος

38 386 73 441 τῆς
88 382 185 441 δόξης
161 400 196 441 της
209 383 382 441 κληρονομίας’
357 388 421 430 αυτοῦ
436 385 457 431 ἐν
471 392 513 438 τοίς
527 383 599 443 άγί,οις
622 385 655 430 καί
674 383 711 441 δ’ση
725 383 755 436 τίς

37 457 137 513 αερίεσται
151 459 218 514 κτῆσις
233 454 317 513 ἀγαθῶν
331 463 372 510 τοῖς
386 462 423 503 τοῦ
437 462 488 503 θεοῦ
503 457 567 516 ἀγίοις
582 458 612 503 ἐπί
625 461 662 503 τοῦ
672 456 753 515 μέλλον·
781 513 782 516 ¹

37 536 71 579 τος
86 530 164 578 αἰῶνος.
193 531 266 580 Καλῶς
285 528 306 572 δε
324 527 385 583 δόξαν
404 529 440 586 μὲν
457 532 589 587 κληρονομίας
604 529 704 584 ἐκάλεσεν,
727 525 755 580 ῶς
773 547 781 575 ε

38 598 63 645 ἀν
79 598 177 653 ἐπιδόξων
191 598 235 644 τότε
248 599 358 657 γινομένων
372 599 438 659 ἡμῶν,
453 604 541 646 πλοῦτον
551 601 572 646 δε
582 599 649 659 δίιξης,
664 604 698 646 ίνα
709 603 754 659 ε’ίαη

38 676 78 717 τῶν
92 675 174 730 δωρεῶν
188 671 225 729 τὴν
239 670 358 730 ὑπερβολήν.

81 748 107 794 11,
125 749 156 787 10.
184 743 286 787 Ἐνταῦθα
301 742 325 786 οῦ
340 742 391 787 κατά
405 742 442 800 τὴν
456 743 536 801 πρωτην
550 742 601 799 λέγει
615 745 754 802 δημιουργίαν,

39 814 89 860 ἀλλά
107 814 157 859 αατά
171 813 208 872 τὴν
223 814 326 871 δευτέραν,
346 813 393 859 καθ’
409 814 433 872 ἣν
448 813 593 872 ἀναπτιζῦμεθα
608 815 689 873 διαίτης
707 814 755 860 ἀνα-

41 886 136 938 στάσεως,
158 885 182 930 ἵν’
205 886 255 943 άπερ
275 884 315 931 ἀπὸ
332 888 367 942 τῆς
387 887 459 937 οἰκείοις
477 885 609 944 προαιρέσεως
626 890 781 943 κατορθῶσαικο

42 956 135 1015 οὐδαμῶς
150 957 223 1003 οἷοίτε
238 956 347 1015 ἐγενόμεθα
361 961 389 1019 τῷ
403 957 440 1016 τὴν
455 957 542 1017 φυσικὴν
557 957 694 1016 ἀντιπράττειν
708 956 756 1016 ἡμῖν

42 1029 159 1080 ἀσθένειαν,
174 1034 237 1074 ταῦτα
252 1031 296 1087 δίχα
306 1028 371 1074 τιῶνου
381 1029 455 1081 παντὸς
465 1029 503 1074 σῦν
513 1028 606 1090 εῦμαρείηι
615 1034 678 1088 πολλῇ
691 1029 756 1088 χάριτι

42 1105 79 1147 τοῦ
93 1100 144 1160 πρὸς
158 1105 218 1147 τοῦτο
232 1099 284 1160 ἡμᾶς
299 1100 438 1156 ἀνακτίζοντας
452 1100 561 1145 ἐπιτελέσαι
575 1098 623 1159 ἡμῖν
638 1101 746 1159 ἐγγίνηται.

83 1177 108 1228 ΙΙ,
126 1178 156 1219 13.
175 1179 205 1220 λί,
235 1178 281 1220 Νῦν
299 1173 310 1219 ὁ
327 1178 364 1219 τοῦ
381 1178 470 1231 Χριστοῦ
488 1172 577 1225 θάνατος
595 1171 632 1231 τὴν
647 1171 770 1218 ἀνάστασιν

41 1245 173 1305 χαρισάμενος
187 1248 219 1291 καί
234 1246 302 1302 ἕτερον
317 1245 359 1292 ἀντί
374 1250 411 1292 τοῦ
428 1245 529 1304 παρόντος
546 1244 682 1303 ἐπεισαγαγῶν
701 1248 755 1303 βίον,
764 1266 782 1295 ιτ

43 1323 131 1375 συνῆμεν
152 1318 205 1376 ῦμάς
225 1317 273 1371 τοῦς
293 1317 407 1374 ἀφεστῶτας
427 1317 490 1363 πολῦ·
512 1322 554 1371 πῶς
568 1320 600 1363 καί
614 1320 659 1363 τίνα
673 1319 757 1377 τρόπους

42 1390 103 1445 αῦιδς
117 1390 155 1449 γάρ
172 1392 225 1451 ἐστιν
239 1388 251 1448 ἡ
266 1389 334 1449 είρηνη
348 1388 451 1449 ἡμῶνκαὶ
465 1388 490 1436 τά
504 1391 553 1449 ἑξῆς.
581 1388 604 1436 Ὁ
619 1390 705 1450 Χριστὸς
722 1389 759 1449 τὴν

42 1463 76 1507 διά
90 1467 125 1519 τῆς
139 1462 265 1514 ἀναστάσεως
280 1461 395 1505 ἀθανασίαν
410 1462 457 1519 ἡμῖν
471 1462 589 1519 παρασχὼν,
611 1463 705 1507 κατέλυσε
721 1462 759 1519 τὴν

44 1536 141 1592 διαίρεσιν
158 1534 243 1592 ταῦτην,
265 1533 286 1577 ἐν
305 1532 344 1591 γάρ
366 1531 462 1594 ἀθανάτῳ
483 1531 544 1590 φύσει
557 1532 652 1592 περιτομὴ
672 1533 708 1591 μὲν
723 1531 761 1578 οῦκ

45 1605 70 1651 ἀν
85 1606 173 1663 γίνοιτο
189 1605 263 1650 τοῦτον
278 1605 299 1649 δὲ
314 1604 352 1649 οῦκ
367 1604 433 1656 ὄντος,
450 1603 533 1661 οὐδεμία
547 1604 658 1662 φανήσεται
675 1604 787 1664 ἀκροβά-αο

45 1690 93 1722 στου
108 1679 139 1722 καί
155 1676 322 1734 περιτετμημένου
337 1673 444 1732 διάκρισις
468 1674 518 1721 ἀλλά
537 1675 577 1734 μην
591 1677 623 1721 καί
639 1676 705 1722 αὐτῶν
721 1681 761 1722 τῶν

45 1751 131 1794 ἐντολῶν
145 1748 182 1793 τδν
196 1749 261 1805 νόμον
276 1748 370 1792 ἐντεῦθεν
385 1747 469 1800 ἔκαυσε,
492 1747 572 1804 περιττὴ
592 1747 630 1805 γάρ
647 1747 692 1792 τότε
708 1753 762 1793 πάσα

46 1825 83 1866 τοῦ
97 1819 162 1877 νόμον
177 1819 271 1873 διάταξις,

87 1896 115 1945 ΙΙ,
133 1898 163 1938 15.
187 1891 232 1936 Ἵνα
247 1894 291 1949 είαη
307 1890 340 1940 διά
350 1894 390 1935 τῶν
400 1892 456 1935 ἰδίων
466 1889 571 1948 δογμάτων
580 1895 616 1948 τῆς
628 1889 763 1947 ἀναστάσεως,
786 1938 789 1942 ,

46 1970 81 2023 της
96 1963 221 2021 ἀφθαρσίας,
236 1967 271 2020 τῆς
281 1961 404 2016 ἀθανασίας,
420 1961 509 2019 δόγματα
523 1962 607 2015 καλέσας
622 1967 686 2008 ταῦτα
701 1961 728 2016 ῶς
744 1964 790 2014 ίνητ

47 2037 162 2095 πράγμασιν
177 2035 236 2087 ἀντα,
254 2038 289 2092 τῆς
303 2037 360 2087 θείας
374 2035 454 2093 χάριτος
469 2037 490 2080 ίν
504 2034 552 2093 ἡμίν
566 2035 763 2094 καταπραττομίνης,

47 2108 74 2162 ῶς
91 2109 141 2168 μηδὲ
160 2105 318 2167 προσταγμάτων
337 2104 390 2165 ἡμᾶς
410 2109 489 2152 δεῖσθαι
505 2108 538 2152 καί
557 2108 647 2165 ἐντολῆς,
667 2112 701 2166 τῆς
719 2106 765 2153 τάδε

48 2188 114 2227 ποιεῖν
129 2180 141 2239 ἀ
155 2180 182 2238 μὴ
197 2185 262 2225 ποιεῖν
277 2177 400 2237 βουλομένης
413 2176 471 2236 ἡμᾶς.

90 2257 117 2310 ΙΙ,
134 2259 166 2298 21.
194 2251 273 2310 Ἐπειδὴ
294 2254 321 2303 είς
339 2249 391 2296 ναῦν
407 2254 444 2296 τοῦ
463 2256 514 2296 θεοῦ
532 2256 627 2309 τελοῦμεν
647 2250 765 2310 ἀμφότεροι,

50 2331 74 2388 τῇ
95 2324 145 2385 αὐτῇ
163 2324 248 2383 δυνάμει
265 2327 302 2369 τοῦ
321 2321 434 2381 πνεύματος
453 2322 487 2368 διά
508 2327 543 2381 τῆς
563 2322 711 2382 άναγεννίγσεως
729 2328 793 2376 τοῦτο

50 2405 150 2447 συντελεῖν
171 2400 198 2451 είς
218 2400 265 2456 μίαν
285 2395 393 2454 οίκοδυμὴν
412 2395 520 2452 δεξάμενοι.
553 2395 580 2440 Τδ
600 2396 621 2441 δὲ
641 2397 662 2441 ἐν
679 2391 695 2457 ᾧ
713 2400 767 2442 πάσα

51 2471 94 2529 ἀφὴ
117 2468 330 2527 συναρμολογουμένη,
351 2470 384 2511 ίνα
403 2470 457 2524 είκη,
478 2470 517 2517 πῶς
535 2469 593 2518 λίθος
609 2465 649 2511 ἀπὸ
667 2465 722 2524 ἀρὴν
737 2470 767 2514 πί-
798 2516 802 2524 ι

96 2613 110 2638 ο.
123 2606 140 2639 C.
153 2606 190 2640 en:
203 2605 235 2649 τῆς
246 2602 282 2637 τοῦ.
307 2610 321 2636 ε.
334 2602 352 2635 C.
364 2601 391 2634 Cr.
403 2610 419 2642 μ,
430 2599 467 2632 142.
481 2598 500 2632 Θ.
513 2595 531 2632 δέ
543 2607 595 2643 φησιν
606 2598 629 2639 είς
640 2597 659 2634 τὸ
672 2596 726 2634 αῦτοῦ
737 2600 769 2645 γάρ

52 2662 100 2710 εὀμεν
111 2663 187 2709 ποίημα,
204 2661 299 2704 κτισθέντες
311 2657 335 2696 ἐπ’
349 2657 402 2705 ίργαις
414 2655 491 2704 ἀγαθοῖς.
523 2668 548 2693 ιο.
564 2659 581 2694 G.
594 2660 621 2697 Gr.
633 2672 649 2704 p.
662 2660 699 2695 145.
718 2660 738 2696 Θ,
751 2659 769 2696 δὲ

0 2749 1 2752 =
52 2735 103 2771 φησν
127 2733 146 2758 17
166 2719 325 2768 θ.(]ι.;ήήμσυ.
351 2729 375 2754 ιι.
389 2720 405 2754 G.
420 2720 446 2754 Gr.
458 2729 475 2762 p.
488 2720 525 2754 149.
539 2719 558 2754 (δ.
571 2716 589 2754 δὲ
601 2729 651 2764 φησι·
676 2722 769 2757 κεῦθε.

53 2797 69 2829 μ.
82 2787 119 2821 152Δ
133 2784 152 2820 (δ.
166 2781 184 2818 δέ
196 2792 258 2828 φησιν’
283 2791 308 2817 ει.
323 2781 417 2825 λεςεαῦαιυ
434 2779 501 2813 videtur
514 2776 532 2813 ια’
545 2781 631 2814 συντελεῖν.
660 2788 685 2814 σε.
698 2781 738 2814 Gdd.
750 2781 768 2815 N.

53 2847 73 2880 Τ,
86 2847 129 2890 quod
142 2847 194 2879 sciam
207 2853 276 2878 omnes:
289 2842 335 2878 πάσα
347 2835 373 2885 (ἡ)
386 2838 473 2883 οἰκοδομὴ,
