1723 3073
239 116 260 150 ΙΝ
274 115 395 151 λΡΙὸΤΟΙιλΜ
406 115 435 148 An
448 114 557 151 ROMANOS.
734 108 759 151 87,

80 219 112 272 X,
130 223 159 265 Ῑλ.
176 224 208 265 15.
240 223 281 264 Τοῦ
299 219 364 279 νόμον
383 222 415 266 καί
435 225 469 280 τής
487 221 529 267 κατ’
549 218 612 267 αῦτδν
631 218 711 277 όγωγής
733 216 755 262 τὸ

40 288 137 348 χρήσιμον
152 292 173 336 ἐν
187 289 266 343 τούτοις
280 291 373 350 βούλεται
387 297 483 352 συστῆσαι
496 300 538 347 τοῖς
552 295 619 354 ῥητοῖς
634 289 755 343 ἀπόστολος,

39 363 71 406 καί
91 362 158 420 ἐπειδή
175 362 200 414 τδι
215 361 306 419 ἀνωτέρω
321 363 375 425 αῦτή
389 366 508 423 προκείμενα
522 364 675 422 συνεπλήρωσεν
692 363 720 413 εἰς
734 359 757 405 τό

40 437 80 485 πῦς
93 432 132 492 γὰρ
148 434 170 486 δς
184 433 220 478 ἐόιν
234 434 371 493 ἐπικαλέσηται
384 436 407 480 τό
422 436 486 493 ὄνομα
500 439 572 492 κυρίου
586 434 707 493 σωθήσεται,
727 432 757 477 ἐν·

41 507 114 550 τεῦθεν
128 509 164 550 τοῦ
179 504 223 564 ἑξῆς
237 503 299 564 λόγου
313 505 350 566 τήν
364 505 427 567 αἰρχήν
437 505 554 565 ἐποιήσατο,
570 507 592 553 τί
606 510 648 560 ποῦς
663 499 701 551 οῦν
716 504 757 550 ἐπι·
775 518 783 546 ε

39 576 156 623 καλέσονται
171 580 198 630 είς
212 577 236 623 δν
251 577 288 624 οῦκ
303 579 418 625 ἐπίστευσαν
433 578 522 638 είρηκοίς·
539 579 550 624 δ
564 580 585 625 δέ
599 579 650 638 λέγει
662 576 756 623 τοιοῦτόν

40 650 99 693 ἐστιν.
129 649 236 709 Πρόδηλον
250 649 298 709 ἡμῖν
313 653 374 709 φησίν
388 652 410 695 ἐκ
425 655 465 694 τοῖν
475 653 536 696 θείων
545 656 637 709 γραφεῖα,
653 651 683 695 ὅτι
697 651 757 695 παντί

40 725 67 783 πή
83 721 231 785 ἐπικαλουμένῳ
246 721 257 781 ή
273 726 359 782 σωτηρία
380 724 517 782 προσγίνεται,
537 721 564 775 οδς
582 723 631 781 μηδὲ
649 722 697 775 τοῦς
717 721 777 767 οίπδὶ

13 840 14 843 ¹
41 794 107 837 ἐθνῦν
122 794 236 837 κωλύεσθαι
250 799 286 837 τοῦ
301 801 377 851 τυχεῖν,
398 797 415 838 εί
429 793 453 850 δή
468 792 582 851 βούλοιντο,
603 793 652 839 οῖλλίι
669 798 711 844 ποῦς
731 794 757 838 όίν

41 863 104 909 αῦτδν
119 865 276 916 ἐπικαλέσοιντο,
299 869 362 921 ζητεῖν
377 864 439 919 ίίξιον.
469 869 577 910 Πιστεῦσαι
589 865 691 928 προσήκει
708 864 783 923 πρό-ιο

42 953 109 994 τερον,
125 935 149 981 οὐ
164 936 202 993 γίιρ
218 935 296 981 οἷόντε
311 937 448 981 ἐπικαλεῖσθαι
462 936 488 995 μή
504 935 621 981 πιστεύοντα
635 941 724 996 πρῶτον·
744 935 757 994 ή

41 1009 62 1054 δέ
76 1010 149 1062 πίστις,
164 1007 230 1054 πόθεν
245 1008 270 1054 δν
284 1009 374 1068 γένοιτο,Ι
396 1009 435 1055 οίπδ
451 1008 512 1068 οῖκοής
526 1011 558 1055 καί
573 1007 686 1068 μαθήσεως·
708 1006 757 1054 οῖλλδ

41 1080 68 1139 μή
84 1080 142 1133 ὄντος
155 1086 192 1126 τοῦ
207 1082 335 1136 διδοίξαντος,
351 1089 425 1141 μαθεῖν
440 1081 477 1141 οὐχ
491 1080 535 1127 οἷόν
549 1100 579 1133 τε,
594 1084 626 1126 καί
641 1080 688 1132 τοῦς
703 1080 757 1126 διδό-

43 1154 114 1207 ξοντας
129 1152 150 1198 δέ
165 1151 202 1212 οῦχ
217 1153 286 1213 ἐτέρως
301 1157 394 1213 φανήναι
405 1152 501 1209 δυνατόν,
522 1152 563 1199 αλλ’
578 1152 592 1212 ή
605 1156 639 1212 τής
653 1155 710 1205 θείας
723 1152 758 1211 χοί-
820 1208 822 1210 q

42 1242 97 1284 ριτος
116 1224 191 1277 αῦτοῦς
209 1223 359 1283 προβαλοῦσης,
380 1220 404 1284 ής
424 1225 449 1283 δή
468 1224 531 1283 μόνης
551 1226 603 1271 ἐστίν
617 1225 690 1271 είδέναι
705 1224 784 1278 όπωςιε

43 1295 129 1354 ἐκλέγειν
143 1294 239 1355 προσήκει
253 1295 301 1349 τοῦς
315 1295 425 1350 τοιοῦτους.
444 1295 541 1348 ,Οῦκοῦν
555 1296 594 1354 πρό
609 1295 690 1342 πόντων
704 1299 758 1355 χρεία

42 1368 130 1423 τοῦτων,
146 1372 166 1412 οἳ
179 1368 230 1426 πρὸς
244 1367 327 1426 διδαχὴν
342 1369 451 1426 ἐκλεγέντες
465 1368 638 1426 οίποσταλήσονται
647 1372 681 1425 τής
694 1371 760 1412 οίκου-

42 1440 103 1497 μένης
117 1441 210 1498 κήρυκες,
227 1439 251 1485 δι’
267 1434 295 1485 οἷον
310 1440 444 1486 δυνατόνκαὶ
459 1446 534 1497 μαθεῖν
548 1440 585 1498 τήν
600 1440 712 1498 εὐσέβειαν,
727 1441 760 1484 καί

43 1514 146 1556 πιστεῦσαι
168 1511 285 1569 μαθόντας,
312 1513 344 1558 καί
366 1510 509 1564 πιστεῦσαντας
531 1512 668 1557 ἐπικαλεῖσθαι
689 1510 760 1556 λοιπόν

45 1585 109 1629 ἐλπίδι
123 1587 159 1629 τοῦ
173 1583 210 1641 τήν
225 1585 247 1628 ἐκ
260 1587 295 1641 τής
310 1585 429 1641 ἐπικλήσεως
444 1586 543 1642 σωτηρίαν
557 1588 634 1642 λαβεῖν·
651 1583 700 1629 τίλλδι
715 1582 787 1630 τοῦ-ιο

44 1674 92 1709 τους
110 1655 146 1714 οῦχ
161 1655 258 1713 ἑτέρωθεν
276 1655 375 1711 ἐξελέξατο
392 1653 405 1714 ή
422 1654 479 1714 χίιρις
498 1656 621 1715 ἐπιτηδείους
640 1653 690 1700 είναι
707 1657 762 1713 νομί-

45 1740 106 1780 σασα,
122 1727 163 1774 αλλ’
177 1728 191 1786 ή
204 1726 244 1773 ῦπδ
258 1732 297 1772 τοῖν
307 1725 348 1773 ῦπδ
357 1728 393 1773 τὸν
406 1728 470 1786 νόμον
480 1730 512 1773 καὶ
522 1729 560 1786 τήν
568 1729 642 1774 τοῦτου
651 1727 762 1785 γεγονότων

45 1802 195 1858 πατδαγωγίαν,
216 1803 235 1845 οἳ
252 1802 322 1861 μακρή
341 1804 369 1862 τῷ
385 1799 451 1862 χρόνῳ
469 1806 513 1853 ταῖς
532 1804 572 1847 τοῖν
588 1803 697 1859 προφητῶν
715 1816 762 1866 προ-

46 1871 175 1929 αγορεῦσεσιν
184 1871 207 1915 τὸ
217 1873 330 1928 περιμένειν
342 1877 379 1921 τοῦ
390 1876 479 1928 Χριστοῦ
493 1871 529 1928 τήν
543 1876 656 1930 παρουσίαν
671 1873 701 1915 ἐπὶ
716 1877 763 1916 πολ-

46 1947 86 1988 λῶν
107 1940 190 2002 όιγαθοῦν
211 1944 263 2004 αίτίμ
282 1944 365 2001 βεβαίως
385 1941 513 2001 είλήφεισαν,
535 1940 561 1996 ῦς
580 1942 629 2002 μηδὲ
647 1941 682 1989 τόν
701 1941 790 1993 τόπονοε

46 2015 121 2073 ίίδηλον
141 2014 192 2061 εῖναι
212 2013 281 2067 αὐτοῖς
299 2013 348 2060 ὅθεν
368 2014 495 2073 φανήσεσθαι
513 2015 602 2072 ἐμελλεν,
623 2016 673 2061 όίστε
690 2020 725 2074 τῆς
743 2017 764 2062 ἐν

46 2088 102 2149 νόμῳ
116 2090 253 2145 παιδαγωγίας
265 2086 349 2145 ’ήρτηται
364 2085 375 2146 ή
392 2087 425 2132 διίι
440 2092 528 2146 Χριστοῦ
542 2092 582 2133 τοῖν
597 2087 712 2148 οίνθροίπων
727 2100 764 2134 σω-

47 2162 116 2219 ρηρία,
139 2165 166 2221 τῷ
180 2178 200 2207 τε
216 2161 293 2205 ἐκεῖθεν
309 2165 399 2218 φανήναι
412 2159 457 2218 παρ’
474 2159 504 2212 οἷς
518 2163 550 2206 καί
564 2160 666 2219 ήλπίζετο,
688 2162 720 2206 καί
736 2165 764 2222 τῷ

46 2232 94 2285 ποῦς
108 2232 200 2292 πρωτους
214 2232 367 2286 πεπιστευκότας
383 2233 459 2278 ἐκεῖθεν
473 2232 577 2290 γενέσθαι,
599 2237 617 2278 οῖ
635 2237 670 2291 τής
684 2232 763 2277 όίνωθεν

48 2304 167 2359 αίξιωθέντες
177 2304 257 2363 χαίριτος
267 2307 332 2350 ῖκανοί
344 2305 395 2364 πρὸς
409 2305 446 2363 τήν
460 2303 555 2350 ῦποίντων
570 2307 698 2351 διδασκαλίαν
713 2303 764 2349 εῖναι
772 2329 790 2355 ³0

48 2377 163 2436 ἐκρίθησαν.
182 2376 263 2421 Οῦκοῦν
279 2380 295 2421 εί
310 2375 320 2421 ό
335 2377 421 2435 Χριστός
437 2378 512 2421 ἐκεῖθεν
528 2379 575 2436 φησί
590 2379 623 2422 καί
638 2379 657 2421 οῖ
670 2373 765 2421 ἁπάντων

48 2448 163 2496 διδάσκαλοι
179 2452 198 2494 οῖ
212 2448 330 2506 ολπόστολοι,
352 2449 426 2508 μεγίιλη
440 2467 469 2501 τις
483 2446 495 2506 ή
510 2449 561 2495 κατίι
580 2448 644 2506 νόμον
661 2450 766 2507 οίτονομία

48 2526 85 2566 τοῦ
95 2526 155 2573 θεοῦ,
171 2520 252 2566 πόντων
263 2522 450 2579 ἐμπεριειλημμένην
460 2519 514 2580 αὐτῷ
524 2521 561 2579 τήν
571 2523 669 2578 σωτηρίαν
683 2522 765 2578 έχουσα,Ι
777 2561 778 2564 ,

49 2593 102 2639 οῦτω
116 2593 155 2651 γδρ
170 2593 257 2653 ὑπῆρξεν
271 2600 313 2646 τοῖς
327 2592 444 2652 ἀνθρώποις
457 2598 531 2651 μυθεῖαι
545 2610 566 2638 τε
581 2592 594 2638 οἳ
607 2592 715 2652 προσήκει,
733 2597 766 2641 καί

48 2671 138 2725 μαθοῦσι
152 2671 266 2724 πιστεῦσαι,
288 2666 404 2713 πιστεῦσασί
423 2685 442 2711 τε
460 2666 633 2725 ἐπικαλεσαμένοις
652 2667 674 2712 δέ
690 2668 728 2727 τήν
745 2671 792 2717 ἐκοε

49 2744 83 2797 τής
102 2738 220 2797 ἐπικλήσεως
238 2743 336 2800 σωτηρίαν
356 2744 428 2797 λαβεῖν.
459 2741 496 2783 Καί
517 2739 583 2797 ἐπειδή
598 2739 663 2785 πάντα
678 2746 712 2798 τής
727 2746 767 2786 των

96 2892 120 2919 τε,
134 2886 186 2927 ἐμίαε
199 2883 250 2918 αἰτία.
