1723 3073
244 95 266 130 ΙΝ
278 76 402 136 EPISTULAM
413 98 442 131 ΑΙ)
455 98 566 134 ROMANOS.
744 96 765 133 67

48 196 159 257 ἀναπέμπει
178 203 206 261 τῷ
224 203 266 261 θεῷ
285 201 317 246 θιά
334 200 400 259 Ἰησοῦ
418 207 515 261 Χριστοῦ,
537 201 561 256 δι’
582 197 682 266 οῦαιίτῷ
696 203 729 247 ααί
742 203 765 249 τό

48 271 150 330 ῥυσθῆναι
163 275 201 316 τοῦ
215 274 312 329 πολεμίου
324 274 459 333 προσεγένετο.
490 274 520 321 Οῦ
529 275 581 333 λέγει
591 275 614 321 δέ
624 273 701 330 ἀτελῶς,
715 272 766 323 ,οῦθέ

47 341 124 400 εῦχεται
135 343 237 402 όυσθηναι
249 349 286 390 τοῦ
301 345 399 403 σώματος,
415 345 465 392 ἀλλά
479 353 515 393 τοῦ
527 347 661 407 κατασχόντος
675 346 698 393 τό
709 350 766 409 σῶμα

47 414 140 460 θανάτου
155 414 189 461 διά
203 421 239 473 τῆς
253 414 350 475 ἀμαρτίας
364 423 404 465 τοῦ,
414 417 518 481 θαυάτου·
540 420 594 466 θέλει
608 419 647 479 γάρ
667 419 690 466 τό
708 424 766 478 σῦμα

47 484 112 532 αὐτοῦ
123 491 174 545 ζωῆς
183 486 233 533 εἶναι
245 487 347 544 σωμα,,οά
357 495 413 548 σῶμα
423 490 524 542 θανάτου,
535 489 582 536 οὐδὲ
592 496 649 550 σῶμα
660 491 764 551 ἀμαρτίας.
784 512 792 539 τ

45 567 46 570 ’
88 560 147 614 VIII,
165 566 182 604 1.
215 564 245 621 Τῇ
259 560 296 618 μέν
310 560 349 620 γάρ
359 566 423 622 ψυχῇ,
439 564 509 620 φησίν,
525 565 619 622 αἱροῦμαι
629 563 653 609 τά
664 567 765 610 δοκοῦντα

48 634 77 690 τῷ
91 629 147 691 νόμῳ
162 636 199 676 τοῦ
213 637 275 684 θεοῦ,
290 631 331 677 ῦπό
346 633 417 690 θέτης
431 633 553 691 θνητότητος
567 636 597 679 έπί
611 635 648 692 τὴν
666 635 765 693 ἁμαρτίαν

47 701 183 759 ααθέλπομαι·
206 701 248 748 ἀλλ’
264 701 409 762 ἀπηλλάγμεθα
423 701 500 749 τοῦτων
515 701 610 768 ἀπόντων
622 706 655 751 ναί
669 708 765 764 τιμωρίας

47 771 126 832 ἀπάσης
136 773 257 833 κατέστημεν
272 775 338 831 ἐντός,
354 778 374 820 οἱ
388 774 421 821 διά
435 779 471 833 τῆς
486 777 517 821 έπί
530 775 566 821 τόν
580 777 667 836 Χριστόν
681 781 764 832 πίστεως

48 847 85 901 έξω
103 845 209 904 γευόμενοι
226 851 261 904 τῆς
278 846 401 936 θηητότητος
419 849 501 893 καὶτοῦ
519 847 560 893 κατ’
576 848 639 908 αότὴν
654 855 700 910 ζῇν·
722 858 790 905 τοῖςγα

46 917 86 1005 γάρ
101 925 185 976 θνητοῖς
199 920 233 964 παί
246 936 308 977 την
299 920 331 965 έπί
344 918 367 964 τὸ
382 925 449 977 χεῖρον
458 921 524 978 ροπην
534 922 667 978 έεγομέυυις’
655 929 763 1009 αγαγααίος

47 989 58 1035 ὁ
74 990 146 1049 νόμος,
166 988 266 1079 ἀπειργων
280 996 317 1036 τοῦ
331 993 444 1050 χείρονος,
452 990 563 1044 ἀθανάτοις
577 992 600 1037 δέ
614 994 646 1037 ναί
661 992 764 1052 ἀτρέπτοις

45 1063 140 1121 γεγονόσι
155 1063 246 1121 περιττός
261 1063 307 1118 έξ
296 1062 384 1149 αυάγιιης
398 1063 526 1122 παθέστηαευ.

88 1137 146 1189 VIII,
162 1140 181 1179 2.
213 1139 243 1194 Τη
261 1139 298 1179 τοῦ
316 1152 429 1192 πνευματος
447 1138 541 1195 μετουσία
558 1136 595 1194 τίγν
612 1135 721 1181 ἀνάστασιν
734 1140 764 1194 γί-

45 1212 119 1252 νεσθαι
133 1204 144 1251 ό
159 1205 271 1259 ἀπόστολός
286 1218 344 1265 φησι·
359 1208 457 1264 σπείρεται
472 1205 511 1265 γάρ
526 1218 587 1265 φησι,
604 1212 661 1265 σιῦμα
670 1207 762 1267 ψυχικόν,
772 1231 790 1259 15
837 1222 839 1225 ·

48 1280 145 1336 ἐγείρεται
164 1285 221 1337 σῶμα
240 1277 385 1336 πνευματικόν,
408 1277 435 1330 τίς
454 1277 481 1329 ἀν
499 1277 563 1323 αάτοῦ
580 1279 625 1324 τότε
642 1285 765 1337 πρατοῦντος

45 1348 98 1409 ἡμᾶς
121 1352 143 1396 έν
164 1349 270 1411 ἀφθαρσίᾳ
288 1368 309 1395 τε
327 1350 361 1395 καί
375 1348 523 1408 ἀτελευτότητι.
554 1354 638 1408 Πνεῦμα
657 1347 697 1403 οῦν
714 1350 763 1412 αὐτὰ

47 1428 97 1481 ζωῆς
111 1429 185 1479 καλεῖ,
200 1421 227 1476 ἀς
241 1421 267 1467 ἀν
281 1426 316 1480 τῆς
331 1421 437 1467 ἀθαυόιτου
457 1425 507 1480 ζωῆς
524 1422 656 1479 παρεντιαόν,
677 1418 701 1482 ἧς
720 1422 764 1468 τότε

47 1495 165 1554 τευξόμεθα.
198 1494 225 1541 Τὸ
243 1496 313 1540 τοίνυν
327 1492 406 1552 πυεῦμό
421 1505 481 1554 φησι,
503 1492 526 1538 τό
541 1492 571 1538 ἐπ’
586 1494 650 1538 ἐλπίδι
663 1498 699 1553 της
714 1494 765 1540 ἀθα-

46 1571 123 1624 νασίας
133 1566 181 1626 ἡμῖν
196 1566 317 1624 δεδομένον,
337 1560 362 1610 οῦ
376 1565 413 1624 τὴν
427 1564 540 1611 ἀπόλαυσιν
554 1564 566 1623 η
582 1567 611 1611 έπί
626 1565 663 1611 τόν
678 1567 791 1623 Χριστὸυαο

46 1643 112 1694 πίστις
126 1639 249 1699 παρέσχηκεν
263 1636 321 1698 ἡμῖν,
340 1637 439 1697 ἀπηλλαξέ
453 1655 477 1696 με
491 1642 528 1690 τοῦ
542 1655 563 1683 τε
577 1638 670 1684 θαυάτου
684 1640 717 1684 ταὶ
732 1642 766 1698 τῆς

48 1712 153 1773 ἀμαρτίας.
183 1718 252 1771 Δῆλον
267 1713 289 1757 δέ
304 1712 335 1757 ότι
349 1710 389 1769 ἀπὸ
403 1716 444 1755 τῶν
453 1709 566 1768 μελλόντων
575 1718 661 1756 ποιεῖται
670 1711 707 1770 τὴν
716 1710 766 1757 ἀπό-

48 1788 109 1840 δειξιν
118 1790 159 1830 τάν
173 1785 206 1830 όιά
222 1789 311 1843 Χριστοῦ
325 1783 494 1842 παρασχεθέντων
507 1780 564 1842 ἡμῖν,
580 1783 612 1828 ὅτε
622 1784 652 1828 έπλ
662 1788 702 1829 των
716 1801 766 1843 πρα-

48 1857 130 1915 γμάτωυ
144 1855 180 1914 την
196 1857 277 1913 έαβασιν
291 1857 384 1914 λήψεται,
401 1856 441 1901 έπεί
455 1857 489 1901 ααί
502 1853 515 1913 ἡ
529 1859 566 1899 τοῦ
580 1855 673 1901 θανάτου
687 1857 765 1910 ἐλευθε-

48 1931 82 1986 ρία
96 1928 140 1973 τότε
155 1926 202 1986 ἡμῖν
220 1927 384 1985 προσγενήσεται,
406 1926 445 1972 οάπ
463 1926 602 1983 ἀνισταμένοις
619 1926 694 1984 μόνον,
716 1927 792 1978 ἀλλάαε

47 1999 86 2058 γάρ
101 2001 134 2045 ααί
148 1998 253 2044 ἀθαυάτου
268 2002 318 2056 ζωῆς
328 1996 461 2055 ἀξιουμένοις·
476 1996 520 2043 τότε
535 1997 556 2043 δέ
571 1999 604 2043 παί
618 2001 654 2055 τῆς
668 1997 765 2057 ἁμαρτίας

49 2071 227 2158 ἀηταλλατηόμεθα,
249 2069 292 2115 τότε
312 2070 404 2127 ἀτρεπτοι
427 2069 531 2156 γεγουόηες
550 2074 574 2128 τῇ
594 2074 631 2115 τοῦ
641 2071 766 2157 πνεῦμητος

48 2142 123 2202 ηάριτι,
139 2140 235 2200 ἁμαρτεῖν
249 2139 287 2186 οάιι
301 2140 444 2200 έπιδεγόμεθα·
463 2140 513 2186 ιιατά
515 2140 566 2228 γρίρ
580 2159 612 2187 τοι
625 2140 662 2187 τὸν
675 2141 765 2232 μαρόητα

49 2218 95 2274 βίον
109 2212 241 2274 πρόθηλον“
227 2233 253 2267 ως
268 2216 340 2272 θνητοί
334 2231 374 2259 ιτε
389 2213 448 2271 ἐσμεν
461 2215 495 2260 ναί
508 2211 549 2285 ῦπό
564 2232 600 2273 τηυ
617 2218 652 2272 τῆς
669 2213 766 2306 ἁμαρτιας

48 2287 153 2346 ἐνόχλησιν
167 2289 256 2344 πείμ,εθα
309 2324 311 2328 ,
772 2311 791 2339 ηρ

89 2364 145 2414 VIII,
160 2364 179 2403 3.
206 2356 229 2403 ‘0
249 2376 285 2416 μεν
304 2354 342 2404 οῦν
361 2358 434 2417 νόμος,
455 2360 472 2402 εί
490 2359 523 2403 ιταί
540 2375 577 2416 την
595 2357 662 2416 ψυγην
681 2357 764 2416 ἀφελεῖ,

48 2433 121 2491 φησίν,
138 2429 188 2476 ἀλλά
202 2435 227 2491 τῇ
241 2429 367 2490 αατορθόσει
380 2435 416 2489 τῆς
431 2428 501 2487 ἀρετῆς
515 2428 594 2475 ἀτονυέυ
608 2430 710 2487 ἐφαίνετο,
721 2429 765 2476 ,ἀν-

47 2502 194 2564 τιπραττοῦσης
209 2501 263 2565 αὐτῷ
277 2506 312 2561 της
326 2502 460 2561 θνητότητος,
476 2502 512 2552 ναί
525 2500 602 2559 πολλὴν
616 2505 651 2559 της
668 2499 766 2561 ἁμαρτίας

93 2636 106 2661 ι.
119 2627 180 2662 (1.λί.;
199 2635 213 2659 σ.
225 2622 337 2671 θοινάτουτῄ
349 2620 434 2672 ἁμαρτία
450 2620 497 2658 θέλει
509 2645 531 2660 -,
563 2631 578 2659 εΔ
593 2623 610 2658 C.
622 2625 657 2659 M.:
676 2623 766 2671 γάρζαῆς

48 2684 111 2723 ἑαυτοῦ
123 2682 196 2722 εἶναιτὸ
208 2685 265 2730 σῶμα,
284 2683 305 2722 οῦ
317 2687 367 2725 θαα,
385 2682 425 2720 ου’έέ
437 2680 465 2728 ἀμ.
497 2692 511 2718 ο,
524 2685 577 2728 δρία,
593 2694 609 2718 c.
622 2684 678 2720 Cram.
693 2697 710 2730 p.
727 2687 764 2722 119.

48 2756 73 2782 τι.
87 2749 140 2792 δρία,
153 2757 168 2780 ο.
180 2747 234 2781 Cram.
247 2757 262 2790 p.
276 2748 313 2782 120.
339 2753 363 2780 ιε.
376 2747 383 2778 λ
398 2746 436 2780 [lor.
451 2743 480 2785 15,
492 2744 519 2778 λλ.
543 2752 569 2779 ιι,
580 2745 644 2778 vocem
657 2742 766 2791 ἀτελευτότης

48 2808 126 2852 ignorant
138 2807 197 2842 λεαίυτ.
220 2808 239 2840 ln
252 2808 309 2851 spicil.
321 2808 390 2851 legitur:
407 2801 530 2851 99999969991,
543 2814 562 2838 ex
575 2807 691 2846 correctione,
710 2809 764 2843 ττελο,

48 2875 74 2900 ετ.
86 2869 140 2911 δρία,
154 2877 168 2901 ο.
181 2869 235 2903 cram.
249 2878 265 2909 ρ.
278 2868 315 2901 ταί.
