1723 3073
236 111 258 145 ΙΝ
270 107 411 144 EVANGELIUM
423 106 534 144 IOHANNIS.
730 100 750 136 37

13 273 15 278 ,
32 213 161 273 παράκλητον
175 213 227 271 λέγει
242 211 285 257 άντλ
299 216 336 257 τοῦ
350 212 412 258 άλλον
427 211 558 268 διδάσκαλον,
578 209 707 270 παράκλητον
722 208 751 254 λέ-

33 302 74 346 γων
92 283 129 342 τήν
149 284 171 327 ἐν
189 288 231 335 τοῖς
251 285 324 334 δεινοῖς
341 286 482 334 διδασκαλίαν,
505 283 532 336 είς
546 283 572 330 άν
586 287 623 327 τοῦ
637 280 753 338 πνεύματος

33 362 56 417 τῇ
75 357 138 417 ολκείφ
156 354 220 412 χάριτι
239 354 346 411 μέλλοντος
365 356 500 412 ἐπικουφίζειν
514 355 583 407 αὐτοῖς
597 354 622 400 τά
636 353 692 412 παρά
712 356 753 397 τῶν

33 427 148 485 άνθροίπων
163 426 277 482 ἐπαγόμενα
290 427 324 469 καὶ
338 428 389 486 ῥᾷον
404 426 472 484 φέρειν
486 425 683 483 παρασκευάζοντος,
700 425 712 470 δ
727 423 751 481 δή

33 500 65 546 καί
84 496 113 543 ἐπ’
132 495 200 542 αὐτῶν
219 497 299 554 ἐδείχθη
319 500 359 541 τῶν
373 496 495 554 πραγμάτων
509 501 549 542 τῶν
566 500 675 554 μαθητῶν,
698 495 752 542 οίίτω
770 510 778 535 ι

33 571 69 630 μέν
87 569 187 628 πρότερον
206 566 301 613 δεδιότων
318 568 355 613 τδν
372 567 472 618 θάνατον,
495 568 547 614 οίίτω
562 568 583 613 ὁέ
597 567 646 626 μετά
661 568 698 626 τήν
714 572 751 613 τοῦ

33 641 146 700 πνεύματος
165 639 257 687 κάθοδον
276 638 306 698 ἐφ’
328 638 358 694 οἷς
377 639 464 698 ἔπασχον
478 637 587 698 ήδομένων.
617 641 658 685 Καὶ
671 644 752 697 πνεῦμα

33 717 54 763 δέ
64 714 161 772 άληθείας
171 712 263 760 ἐκάλεσεν
272 712 300 765 είς
309 712 370 759 οὐδέν
380 713 448 772 ἕτερον
463 711 476 771 ἢ
489 712 526 771 τήν
540 711 636 771 άλήθειαν
650 712 752 759 διδάσκων

33 786 56 832 τὸ
71 784 117 844 μηδ’
133 785 260 844 ἐπιδέχεσθαι
274 784 311 843 τήν
326 788 353 838 είς
366 784 389 829 ιδ
405 785 496 830 ἐναντίον
511 783 594 843 τροπήν.
623 783 715 847 Κηίπείνῳ
730 784 752 829 δέ

35 856 165 914 προσεκτέον,
181 856 212 902 ὅτι
225 856 249 901 τδ
264 854 357 913 ἐρωτήσω
367 858 488 914 σχηματίσας
497 861 573 913 μάλλον
583 855 645 909 εἶπεν,
661 855 705 902 άντλ
714 860 751 901 τοῦ
759 875 777 904 ιο

34 930 83 986 ἐμοῦ
103 927 188 982 δέξασθε
207 927 245 986 τήν
263 926 332 986 χάριν·
354 925 379 973 οὐ
397 926 435 985 γάρ
454 926 479 985 δή
493 926 609 986 πρεσβεύειν
624 927 703 985 έμελλεν
717 931 751 973 ίνα

34 999 121 1058 λάβωσι,
140 1004 201 1045 τοιλτο
220 1002 282 1057 δήλον
301 1000 320 1052 ἐξ
340 994 369 1044 ὧν
386 998 499 1058 προάριστο
517 999 570 1044 οίίτω
588 999 683 1056 γενέσθαι
697 998 751 1057 παρά

34 1076 72 1117 τοῦ
89 1075 141 1116 θεοῦ
160 1071 193 1116 διά
212 1071 249 1129 τήν
262 1069 360 1129 ἡμετέραν
374 1073 442 1130 χρείαν
456 1072 489 1115 καί
503 1069 664 1129 προαπήγγελτο,
685 1070 752 1128 άμέλει

34 1145 85 1203 πρὸς
98 1144 147 1196 τοάς
160 1144 253 1201 μαθητάς
263 1143 274 1189 δ
284 1143 354 1201 κάριές
364 1155 435 1202 φησιν,
451 1143 501 1188 άλλά
518 1144 630 1202 περιμένειν
642 1142 678 1200 τήν
692 1141 752 1199 ἐπαγ-

34 1218 102 1273 γελίαν
118 1219 155 1260 τον
173 1214 257 1274 πατρὸς,
281 1214 305 1274 ήν
320 1214 424 1272 ήκοάσατε.
453 1217 480 1260 Εἰ
494 1213 542 1273 δέή
558 1215 662 1272 ἐπαγγελία
678 1214 751 1267 έκειτο,
761 1234 778 1262 ιε

34 1286 114 1346 περιττή
129 1291 169 1332 τῶν
184 1286 335 1346 ἐπηγγελμένων
348 1285 361 1346 ή
377 1290 458 1345 αίτησις.

76 1360 137 1414 XIV,
153 1364 185 1404 λδ.
218 1359 266 1405 Τίτε
286 1357 318 1403 ἐπ’
338 1358 405 1403 αὐτων
424 1356 541 1415 μαθήσεσθε
560 1362 600 1403 τείν
620 1356 753 1414 πραγμάτων,

36 1430 66 1474 ὅτι
80 1428 147 1486 άληθή
161 1429 186 1474 τά
200 1428 246 1487 παρ’
262 1430 311 1486 ἐμοῦ
326 1429 431 1487 λεγόμενοι,
452 1430 495 1485 περί
516 1424 545 1473 οἷν
559 1429 580 1474 δέ
594 1433 633 1473 νῦν
653 1425 752 1485 άμφιβάλ-

35 1506 76 1546 λειν
95 1500 123 1546 έτι
143 1503 226 1556 δοκεῖτε,
248 1502 281 1545 καὶ
300 1500 330 1545 ὅτι
349 1499 387 1558 ἐγιέ
402 1499 439 1558 μέν
454 1500 475 1544 ἐν
489 1504 517 1562 τῷ
532 1501 591 1559 πατρί
606 1500 639 1545 διά
653 1497 754 1559 τήςκρδς

35 1572 98 1617 αὐτὸν
113 1571 231 1631 ὁμοιότητος
245 1574 278 1617 καὶ
293 1574 413 1631 συναφείας,
427 1570 485 1629 ὑμεῖς
499 1573 520 1617 δέ
536 1574 557 1617 ἐν
573 1573 615 1630 ἐμοὶ
630 1571 664 1617 διά
678 1577 713 1631 τής
727 1574 779 1624 είςια

36 1644 69 1702 έμέ
82 1643 166 1696 πίστεώς
179 1662 200 1690 τε
214 1645 247 1689 καλ
262 1643 349 1702 άγάπης,
365 1645 392 1690 ἐτι
406 1645 438 1689 καί
453 1648 488 1702 τής
502 1648 539 1689 τοά
553 1643 667 1701 πνεύματος
681 1643 755 1696 δόσεως

35 1716 72 1774 τήν
85 1715 137 1776 πρός
152 1716 185 1774 έμε
199 1718 307 1761 κοινωνίαν
322 1715 467 1776 λαμβάνοντες,
489 1715 544 1778 κηλγαλ
564 1717 586 1761 δέ
603 1717 625 1761 ἐν
644 1714 705 1773 ὑμῖν,
727 1713 755 1767 οδς

35 1786 93 1841 είπές.
121 1786 148 1831 Ἡ
159 1788 198 1848 γάρ
213 1787 313 1846 συνάφεια
327 1792 388 1833 τοῦτο
402 1788 557 1845 παρασκευάζει,
580 1788 629 1833 έίστε
638 1787 754 1847 ,άυαγεννη-

35 1860 114 1905 θέντων
127 1857 185 1915 κίμων
199 1864 224 1918 τῇ
239 1859 324 1917 δυνάμει
337 1865 374 1905 τοῦ
388 1860 502 1917 πνεύματος
516 1862 550 1906 καὶ
565 1861 586 1905 ἐν
600 1860 654 1914 τάξει
668 1878 703 1917 μοι
717 1860 755 1905 σαί-

36 1948 98 1987 ματος
112 1929 225 1987 γενομένων
239 1934 328 1988 κεφαλῆς
342 1936 409 1990 χώραν
423 1928 472 1988 δμλν
487 1931 563 1990 ἐπέχειν
578 1930 608 1977 ἐπ’
623 1931 662 1989 ἐμέ.
763 1955 782 1982 νε

79 2002 125 2056 XV,
141 2006 201 2047 4-6.
231 2000 328 2060 Κλήματά
338 2015 400 2061 φησιν
409 2001 466 2061 ὑμεῖς
474 2007 499 2062 τῇ
509 2002 640 2062 άναγεννήσει
649 1995 686 2050 τοῦ
696 2002 756 2049 πνεά-

36 2092 97 2132 ματος
112 2074 154 2132 ἐμοὶ
170 2073 327 2133 συναντόμενοι,
344 2075 394 2135 ίίπερ
404 2075 425 2121 ἐν
435 2078 463 2138 τηί
473 2080 532 2138 φυτηλ
545 2075 671 2135 τυγχάνοντα
686 2078 754 2123 δίδωσι

36 2147 71 2192 τὸν
85 2146 173 2206 καρπὸν,
191 2147 329 2206 ἀφαιρεθέντα
344 2149 365 2193 δέ
380 2147 452 2193 οὐκέτι·
483 2149 552 2202 Οὕτως
566 2152 596 2195 ίδε
606 2151 640 2195 καλ
649 2149 680 2207 ἐφ’
690 2148 754 2207 δμείν,

36 2223 71 2278 τῆς
85 2219 122 2277 μέν
137 2217 215 2277 άγάπης
230 2218 336 2277 ἐχομένους
350 2224 385 2278 τής
399 2222 445 2279 περί
459 2220 492 2278 ἐμε
507 2221 577 2279 φέρειν
590 2220 656 2266 πολδν
665 2225 700 2279 τής
710 2219 756 2280 άρε-

36 2296 75 2350 τής·
85 2292 121 2337 τάν
135 2291 214 2349 καρπὸν
229 2290 317 2349 άνάγκη,
340 2291 466 2344 άποστάντας
480 2292 502 2337 δέ
516 2297 551 2351 τής
566 2292 645 2350 άγάπης
658 2297 693 2350 τής
707 2293 782 2351 ἐμήςεο

37 2362 124 2421 ἐρήμους
139 2362 217 2421 άνάγκη
231 2362 307 2415 παντὸς
322 2362 374 2409 εἶναι
388 2367 457 2409 καλοῦ.
487 2366 527 2410 Καί
542 2364 607 2421 ἐίσπερ
619 2364 708 2409 ἐνταῦθα
723 2367 757 2410 δο-

36 2433 125 2492 κιμάζων
145 2432 156 2477 δ
174 2433 263 2492 γεωργὸς
280 2438 320 2477 τῶν
338 2429 444 2493 κλημάτων
462 2433 500 2491 τήν
519 2439 589 2493 χρῆσιν
607 2434 645 2478 ὅσα
663 2436 701 2492 μέν
718 2435 756 2498 ὁρηλ

37 2505 88 2549 καλά
102 2522 122 2549 τε
136 2506 170 2549 καί
184 2510 292 2566 προσφορᾷ
306 2510 389 2562 καρπῶν
404 2504 516 2563 ἐπιτήδεια,
536 2510 599 2549 ταῦτα
617 2510 641 2565 τῇ
656 2508 757 2571 ἐπιμελείην

37 2576 173 2637 χρησιμώτερα
188 2580 317 2636 καθίστησιν,
340 2578 378 2624 ὅσα
398 2578 419 2623 δέ
434 2576 514 2634 άκαρπά
528 2595 549 2622 τε
563 2579 596 2622 καί
610 2578 660 2637 μηδὲ
674 2580 710 2626 τὸν
725 2599 757 2640 γε-

38 2651 104 2710 ωργὸν
119 2651 204 2709 οίφελελν
219 2651 332 2709 δυνάμενα,
350 2656 455 2712 ταῦτατῷ
469 2654 518 2708 πυρί
532 2651 627 2706 καθάπαξ
642 2658 782 2714 παραδίδω-ει

38 2734 80 2779 σιν,
102 2723 155 2768 οίίτω
175 2723 212 2782 τήν
229 2722 314 2769 έκάστον
329 2723 422 2769 διάνοιαν
437 2723 549 2781 δοκιμάζων
564 2722 575 2768 ά
589 2724 654 2785 πατήρ
670 2726 706 2780 οδς
720 2727 757 2785 μέν

82 2831 157 2863 κελαι.
172 2830 211 2872 ww.
237 2830 442 2872 17.cord.cat.p.369·
467 2832 670 2875 2⁶,001·d.0at.p.379,
692 2834 756 2868 καθα·

38 2893 87 2924 [enat
100 2886 130 2924 οιίκ
143 2886 170 2923 έιι,
