1773 3073
104 88 138 126 164
324 90 437 124 THEODORI
448 90 598 125 MOPSVESTENI

103 216 136 252 τες
156 197 177 242 δέ
197 197 219 241 τὸ
234 199 309 241 δονοῦν
324 196 393 248 αὐτοῖς
408 196 492 242 εῦνολον
507 195 624 255 εἶναιπρὸς
640 196 767 254 κατανόησιν.
800 200 823 240 Ti

104 270 142 327 χολρ
162 269 251 312 ἐνταῦθα
270 268 372 326 προέτειτο
392 273 420 332 τῷ
435 267 522 331 Παῦλφ,
543 271 577 314 ἰ’να
597 268 694 329 έπαχχέλη
715 267 738 313 τὸ
758 266 823 327 χολριτι
879 298 882 315 =÷

105 345 164 392 θεοῦς
185 342 215 392 τίς
229 340 250 386 δέ
265 340 328 387 αῦτδν
342 337 378 400 ἦγε
392 341 443 399 πρὸς
457 346 517 386 τοῦτο
532 341 654 394 νἀιολοοθιά,Ι
676 340 701 386 οὐ
721 341 760 399 χδρ
776 341 824 393 έθος

105 413 159 473 αὐτῷ
174 411 240 471 χῦριτι
249 417 301 458 θεοῦ
311 414 390 458 τιθέναι
403 411 478 466 ολπλολς,
495 412 545 458 ῦλλδ
559 412 640 466 πολντως
654 411 694 459 οῗπῦ
709 431 763 464 τινος
778 410 823 458 ολιιο-
879 426 883 476 [ss

91 486 189 537 ολονθίας
209 483 277 541 λέμουΔ
309 484 339 529 Ἢ
357 485 396 541 χδρ
415 485 439 530 τῦ,
459 484 505 530 ποθ’
527 484 600 530 έαντδν
620 485 682 541 λέγων
703 488 823 542 προστίθησι

104 561 173 608 τοῦτο,
189 554 215 609 ῦς
229 556 264 601 τέ’
279 555 345 614 χέιριτι
359 560 410 602 θεοῦ
425 559 463 613 εἰμι
478 556 489 602 δ’
504 560 551 615 εἰμι,
567 556 581 614 ἢ
596 556 645 601 ὅταν
654 555 757 614 πρόκειται
769 555 824 617 αῦτηλ

105 629 142 687 τὴν
156 630 200 687 περὶ
214 628 263 681 τοῦς
278 628 400 690 ἀνθρώπους
414 629 478 688 λέχειν
492 632 529 674 τοῦ
544 633 595 674 θεοῦ
610 630 776 688 φιλανθρωπίαν,
791 629 824 673 ναὶ

106 701 137 746 ὅτι
151 700 231 746 λέποντα
245 702 353 759 πεποληιιεν
368 701 405 759 οὐχ
420 701 475 760 ἡμῶν
490 701 554 747 ὄντων
568 706 605 746 τοῦ
619 708 686 759 τυχεῖν
696 700 766 755 οἶξίων,
781 698 825 745 οἷόν

106 775 148 819 έστι
162 774 197 819 τὸ·
219 777 243 833 τῇ
258 772 296 831 μολρ
312 772 377 832 χολριτι
392 774 434 818 έστέ
449 774 579 832 σεσωσμένοι,
595 768 611 835 ᾦ
626 773 703 831 έπῦχει·
719 775 826 818 καὶτοῦτο
882 802 883 805 =

81 846 146 892 ιοοῦα
160 846 180 901 έξ
194 844 262 905 ῦμῦν,
278 851 329 892 θεοῦ
343 846 366 891 τῦ
382 849 456 904 δωρον,
472 845 510 891 οῦν
524 847 543 901 ἐξ
559 847 633 903 έρχαν,
650 849 683 892 ἵνα
697 845 725 905 μη
739 864 768 899 τις
777 864 826 891 τινος

106 919 199 978 χήσηται,
223 923 293 976 σαφοῦς
313 918 346 964 διολ
364 918 442 964 τοῦτων
460 923 572 974 παριστῦν,
595 919 626 964 ὅτι
640 921 683 976 περὶ
698 923 733 977 τῆς
746 919 826 977 χάριτος
884 923 887 969 ῑ,

108 990 219 1047 διαλέγεται
236 994 273 1036 τοῦ
293 995 353 1045 θεοῦ,
375 990 401 1049 ἣν
418 992 462 1048 περὶ
480 989 556 1042 πάντας
572 989 626 1048 έτνχε
640 990 689 1043 τοῦς
703 990 827 1046 ἀνθρώπους

109 1061 262 1120 ἐπιδειξάμενος.
299 1062 401 1107 Ἐνταῦθα
423 1063 444 1107 δέ
464 1061 486 1107 τῦ
506 1065 637 1120 προκείμενον
657 1062 712 1123 αὐτῷ
734 1061 827 1119 δηλονότι

109 1136 154 1192 περὶ
167 1138 204 1180 τοῦ
220 1138 309 1190 Χριστοῦ
325 1135 443 1193 διαλέγεται,
460 1132 502 1187 οἶός
514 1137 543 1187 τίς
553 1135 603 1191 έστι,
619 1136 653 1179 παλ
666 1138 711 1179 τίνα
725 1134 762 1193 τὴν
777 1132 827 1193 πρὸς
843 1131 845 1133 ’

83 1206 157 1259 1ῡτοῦς
172 1206 268 1263 οέχφέλονς
283 1207 333 1264 έχων
348 1206 461 1264 διαφορὰν,
478 1205 512 1263 ἀφ’
526 1201 555 1251 ολν
570 1207 665 1264 ἐξηνέχθη
680 1208 707 1258 εἰς
721 1206 744 1250 τδ
760 1209 827 1260 εἰπεῖν,

109 1279 160 1324 αατδι
174 1281 193 1324 τί
207 1278 228 1324 δέ
244 1277 310 1323 αὐτῶν
325 1277 453 1336 ηλαττολσθαι
467 1280 528 1334 δοιιελ,
543 1280 577 1324 ναὶ
592 1278 622 1325 ὅτι
637 1278 671 1323 διδ
681 1278 717 1323 τδν
726 1276 827 1323 θάνατον·

110 1354 128 1395 τλ
144 1345 181 1396 οῦν
197 1351 235 1396 έδει
251 1351 340 1396 ένταῦθα
354 1354 391 1396 τοῦ
405 1349 470 1409 χολριτι
484 1355 547 1403 θεοῦ,Ι
564 1349 588 1395 οῦ
603 1350 643 1407 χολρ
658 1349 759 1407 πρόκειται
775 1350 829 1410 αὐτῷ

110 1422 147 1479 τὴν
161 1423 205 1478 περὶ
219 1420 271 1478 ἡμεῖς
286 1421 402 1479 ἀμαθέτητα
416 1421 480 1479 λέχειν
495 1420 564 1466 αὐτοῦ.

155 1497 220 1537 Τοῦτο
236 1493 257 1537 δέ
271 1498 347 1548 μᾶλλον
362 1495 462 1538 δείτιννσιν
476 1492 488 1552 η
503 1497 543 1538 των
557 1495 601 1551 έξης
612 1493 730 1542 ιέαολονθία.
760 1492 830 1539 Ελπιδν

85 1565 150 1623 οοχδιρ
165 1565 195 1610 ὅτι
210 1566 269 1623 χωρὶς
284 1569 335 1610 θεοῦ
351 1564 444 1621 έχεῦσατο
458 1569 495 1609 τοῦ
510 1564 612 1617 θανῦιτον,
630 1565 690 1611 οὐδέν
704 1565 755 1623 πρὸς
769 1569 830 1615 τοῦτο

111 1639 272 1695 παραβλαβείσης
286 1641 320 1693 τῆς
335 1635 440 1693 θεότητος,
462 1638 494 1681 παὶ
513 1636 546 1681 διδι
563 1642 624 1681 τοῦτο
645 1637 684 1682 ῦπδ
701 1642 737 1694 τῆς
757 1640 831 1690 ολνιείας

112 1708 191 1767 φῦσεως
205 1708 242 1766 την
256 1707 307 1753 πατδι
322 1707 386 1766 βραχῦ
400 1711 460 1752 τοῦτο
476 1707 582 1753 ἐλάττωσιν
598 1708 686 1765 ἐδέξατο,
702 1709 751 1754 ολστε
762 1711 831 1768 φαλνεψ

112 1788 161 1826 σθαι
181 1781 275 1826 έντεῦθεν
294 1778 356 1824 αῦτδν
374 1781 408 1823 παλ
426 1783 461 1837 τῆς
478 1783 535 1837 τιμῆς
554 1781 660 1839 μετέχοντα
680 1781 713 1826 διδ
727 1782 765 1840 τὴν
779 1781 831 1841 πρὸς

113 1854 181 1912 ἕτερον
196 1852 317 1910 σοντλφειαν,
340 1853 442 1910 έπελδηπερ
458 1851 574 1898 οόιῦλοοθον
588 1849 613 1911 ἦν
628 1854 676 1906 τοῦς
689 1858 752 1899 ταῦτα
771 1853 830 1899 ιλνοῦ-

87 1943 172 1976 εεοντας
190 1925 283 1983 περιττὴν
303 1925 324 1969 έν
344 1928 372 1985 τῷ
389 1928 425 1969 τοῦ
444 1922 525 1977 πολθονς
542 1930 606 1986 ναιρφ
622 1928 710 1983 νομίζειν
728 1925 779 1970 εἶναι
794 1930 832 1970 τοῦ

112 2001 163 2041 θεοῦ
178 1995 239 2053 λόχον
253 1995 290 2053 την
306 1997 416 2053 ένολιιησιν,
432 1996 492 2041 οὐδέν
506 2002 548 2048 τοῖς
562 1997 699 2054 προνειμένοις
718 2001 830 2055 συμβαλλο-

113 2068 184 2128 μένην,
200 2071 254 2125 ελπερ
269 2067 293 2126 δι)
308 2070 367 2127 χωρὶς
382 2068 459 2113 έπελνον
473 2071 507 2127 τῆς
522 2070 591 2126 πείρας
605 2068 700 2126 έμεῦσατο
714 2073 751 2115 τοῦ
766 2069 833 2115 θανοῦ-

112 2159 160 2191 τοο,
183 2139 262 2196 ἐπέχει·
287 2140 356 2195 έπρεπε
370 2138 411 2195 χδιρ
425 2139 489 2198 αὐτῷ,
512 2138 536 2182 δέ
553 2138 577 2182 δν
591 2139 616 2183 τδι
630 2140 697 2185 πολντα
714 2143 747 2185 ιιαλ
766 2140 790 2185 δι’
807 2137 833 2185 οῦ

112 2211 136 2257 τῦ
150 2211 224 2266 πάντα,
239 2209 328 2262 πολλοῦς
341 2208 399 2262 νλοῦς
414 2211 441 2262 εἰς
456 2208 517 2264 δόξαν
532 2208 633 2268 ιλχαχόντο
647 2210 683 2258 τδν
698 2210 786 2273 ολρχηχδν
796 2217 831 2271 της

87 2286 211 2341 εοσωτηρίας
226 2282 294 2328 αῦτιῦν
309 2281 342 2326 διδ
357 2280 483 2340 παθημάτων
497 2286 604 2328 τελειῶσαι.

155 2355 198 2400 Οῦιι
216 2353 325 2413 τέσνντελὴς
344 2353 365 2399 δέ
383 2348 409 2412 ἦν
430 2353 477 2400 οῦδὲ
494 2352 507 2412 ἡ
522 2352 595 2413 θεότης
613 2358 684 2413 φησιν’
708 2357 779 2414 έπρεπε
793 2357 833 2416 χδρ

113 2429 137 2474 τῦ
152 2431 214 2473 ολπεῖα
228 2430 260 2473 ναὶ
276 2427 325 2487 έλπερ
340 2430 366 2486 ην
380 2426 432 2487 αὐτῇ
446 2427 558 2487 πρέποντα,
573 2426 595 2472 νδ
610 2427 649 2484 χιλρ
664 2445 696 2473 τοι
705 2433 742 2474 τοῦ
752 2428 833 2482 ποέθονς

114 2499 206 2557 οῦδαμιῦς
225 2500 276 2561 αῦτη
295 2499 372 2559 πρέπον
391 2495 426 2559 ην·
448 2504 508 2545 τοῦτο
523 2500 546 2545 τδ
566 2501 637 2558 ἔπρεπε
652 2504 722 2558 σαφοῦς
735 2500 758 2546 τὸ
773 2502 833 2559 χωρὶς

113 2577 164 2618 θεοῦ
179 2573 308 2632 συνέστησεν,
324 2571 351 2625 ῦς
364 2571 403 2630 χτλρ
419 2573 496 2617 έαελνον
507 2571 531 2618 οῦ
541 2572 653 2631 πρέποντος
662 2571 685 2618 τέ
695 2573 773 2631 πρέπον
783 2571 833 2618 αῦτό

87 2657 174 2703 ατφησι,
190 2644 269 2697 δεικνὺς
284 2643 335 2702 ὁμοῦ
349 2646 383 2688 ναὶ
398 2644 447 2701 ἅπερ
463 2644 545 2703 έπραττε
559 2642 613 2695 τότε,
628 2646 673 2688 τλνα
688 2645 709 2688 δέ
723 2648 787 2689 ταῦτα
801 2639 833 2702 ἦν.

108 2717 194 2777 Ἢπρεπε
208 2716 247 2777 χδρ
262 2717 327 2778 αὐτῷ,
343 2715 367 2761 δι’
383 2715 407 2761 δν
421 2715 445 2765 τῦ
460 2716 526 2763 πιλντα
540 2718 572 2763 παλ
588 2714 612 2762 δι’
628 2710 653 2762 οὗ
667 2717 692 2762 τδι
706 2716 783 2771 πάντα,
799 2719 835 2776 δη-

159 2885 172 2910 ι,
187 2879 192 2909 1
209 2876 329 2918 ι”,οι’,;15,λθ,
355 2872 562 2921 ἰΙι-λ’,διιοοι,αθοελ.
588 2878 756 2920 τι.ΕμΙι.θ,8,9.
