1723 3073
233 152 254 185 ΙΝ
268 152 392 188 λλΡλΒΤΟλιλΜ
404 152 433 185 ΑΙ)
446 152 555 187 ROMANOS.
731 145 752 182 85

37 265 97 307 στεώς
106 253 143 313 τὴν
152 255 224 299 πίστιν.
257 255 313 308 Τινὲς
324 255 345 301 δέ
359 255 423 308 οὕτως
438 254 535 309 διελόντες
550 253 667 312 ἀνέγνωσαν
682 253 700 297 τί
715 246 753 297 οὖν

37 328 121 385 ἐροῦμεν
136 326 186 371 κατὰ
201 325 304 385 ἐρώτησιν,
328 326 369 374 εἶτα
387 328 437 375 κατδ
455 327 560 387 ἀπόκρισιν
575 326 605 372 ότι
621 326 671 383 έδυη
685 323 710 371 τοί
728 323 755 382 μὴ

36 396 135 442 διώκοντα
149 396 279 457 δικαιοσύνην
293 401 325 444 καί
339 399 430 458 τδςέξης,
453 399 533 459 σφόδρα
551 397 700 458 ἀποσφαλέντες
718 399 756 441 τοῦ

38 469 176 527 προσήκοντος
190 471 223 515 καὶ
239 483 283 515 συνι
285 472 361 515 δεῖν
339 490 376 530 την
390 472 524 530 ἀποστολικην
538 472 562 517 οά
577 471 698 530 δυνηθέντες
712 468 756 514 διοί-

36 559 100 585 νοιαυ.
130 542 250 586 Συναπτέον
263 542 302 602 γάρ
318 544 348 588 ἐπὶ
363 548 397 602 της
412 543 543 601 ἀναγνώσεως
556 543 606 588 κατά
620 542 658 629 την
676 558 754 601 προκει
773 555 781 582 5

37 612 100 670 μένην
114 611 162 671 ἡμῖν
177 613 290 673 ἑρμηνείαν·
305 617 324 660 τί
338 618 376 661 οὐν
391 615 475 674 ἐροῦμεν
485 614 515 660 ότι
526 614 575 674 έδνη
585 614 609 660 τά
619 633 675 674 μηι
639 614 755 659 διώκοντα

38 685 169 743 δικαιοσύνην
183 689 217 732 καὶ
211 687 255 732 ιιδ
270 688 324 745 ἓξης,
345 692 406 732 τοῦτο
420 704 457 731 τον
472 686 584 732 ἀποστόλου
601 686 731 745 λέγοντος,
725 685 755 730 ότι

37 759 56 799 τί
74 761 162 813 εἴποιμεν
180 757 206 801 ἀν
224 761 269 814 περὶ
284 758 358 802 τούτου
375 763 447 801 καινοῦ
467 775 487 801 τε
507 758 565 810 ὄντος
583 758 634 815 ἀγαν
653 760 685 802 καὶ
700 753 755 814 παρὰ

39 831 107 872 πᾶσαν
117 827 265 886 συμβεβηκότος
275 830 354 881 ἐλπίδα,
369 833 406 873 τοῦ
415 835 481 887 τυχεῖν
496 829 532 886 μέν
546 828 593 881 τοδς
608 828 680 873 οὐδένα
694 827 756 885 λόγου

38 898 172 955 ποιουμένους
192 904 229 945 τοῦ
249 899 372 960 πράγματος,
395 900 422 959 μη
443 907 508 959 τυχεῖν
528 901 549 946 δὲ
566 900 614 953 τοδς
631 900 668 959 τὴν
688 904 781 945 πασανιο

40 971 131 1030 σπονδὴν
145 974 189 1030 περὶ
203 977 263 1018 τοῦτο
279 974 367 1031 έχοντας;

82 1044 123 1095 IX,
139 1050 171 1089 32.
188 1051 220 1090 33.
249 1049 391 1104 Λικαιαδηναι
405 1043 444 1090 ἀπὸ
458 1040 498 1090 ι’ών
512 1045 574 1104 ἐργών
583 1048 620 1090 τοῦ
629 1043 702 1103 νόμον,
716 1048 756 1089 τών

41 1116 155 1162 ἀδννάτονν
171 1120 203 1162 δεῖ
214 1117 253 1176 γὰρ
267 1117 365 1176 μηδέποτε
379 1116 482 1174 ἀμαρτεῖν,
499 1118 551 1162 ἐστιν
561 1117 582 1162 δέ
593 1116 643 1173 ἀγαν
653 1115 756 1174 ἀμήχανον

40 1187 69 1232 ἐπ’
90 1187 205 1246 ἀνθρώπων
223 1188 351 1246 κρινόμενον·
373 1188 500 1247 ἡμαρτηκότα
521 1189 542 1233 δέ
564 1187 639 1245 ἀνάγκη
658 1186 698 1232 ὑπό
719 1187 756 1245 τὴν

41 1258 146 1317 ἀπόφασιν
155 1260 250 1345 γενέσδμι
259 1265 296 1305 τοῦ
305 1260 380 1317 νόμον·
395 1264 493 1304 τοσοῦτον
503 1259 574 1304 ἀποδεῖ
586 1264 622 1303 τοῦ
637 1258 757 1310 δικαιώσεως
764 1277 783 1305 ιο

40 1348 75 1388 της
93 1329 133 1376 ἀπὸ
153 1335 190 1376 τοῦ
209 1330 275 1389 νόμον
293 1337 359 1390 τυχεῖν
378 1329 388 1376 ὁ
408 1330 442 1376 διά
459 1349 493 1389 της
512 1329 553 1374 κατ’
576 1329 639 1374 αὐτόν
659 1331 758 1382 πολιτείας

42 1401 159 1448 ἀπολανσαι
168 1402 241 1461 ταύτης
252 1404 395 1461 ἐλπίζανμρ
358 1402 423 1461 χάριτι
398 1403 458 1448 διτιέ
472 1402 547 1460 ταύτην
562 1399 696 1489 δεδώρηται
687 1419 697 1447 ο
711 1401 760 1454 δεδς

41 1480 83 1526 τοῖς
98 1473 204 1531 ἀνδρώποι
206 1493 223 1529 ς,
245 1480 312 1520 πάσαυ
326 1473 383 1533 ημῶν
397 1492 434 1533 την
448 1475 492 1532 περὶ
507 1478 543 1519 τοῦ
559 1472 680 1531 ἀμαρτάνειυ
694 1491 759 1532 ροπην

42 1544 123 1604 ἀφελεῖν
134 1545 284 1606 ἀποσχόμενος,
305 1547 364 1593 ἐπειδ
380 1547 406 1593 ἀν
421 1546 534 1606 ἀναστήσας
549 1546 664 1599 ἀδαναίτονς
679 1546 760 1605 ἐργάση-

40 1633 84 1660 ται·
99 1618 177 1661 τούτων
192 1620 213 1662 δὲ
229 1619 303 1662 ἐνεστιν
318 1619 353 1669 τίις
368 1620 485 1675 ἐπαγγελίας
499 1622 567 1675 λαβεῖν
582 1617 616 1662 διδι
630 1621 665 1675 τῆς
680 1619 710 1661 ἐπὶ
725 1618 786 1662 τδνεο

42 1687 130 1748 Χριστόν
148 1691 238 1742 πίστεώς.
268 1684 330 1735 Οότοι
347 1693 416 1734 τοίνυν
434 1693 469 1747 τῆς
489 1689 526 1747 μέν
543 1688 593 1734 κατά
610 1688 668 1747 χώραν
687 1689 761 1745 ἐλπιζο-

42 1761 101 1818 μένης
120 1759 166 1818 ημῖν
186 1761 219 1806 διοί
237 1764 321 1814 πίστεώς
338 1760 472 1820 προσέσεσλδαι
491 1763 571 1812 δικαίοις
592 1759 665 1805 οὐδένα
679 1761 762 1819 ποιησώ-

42 1850 98 1889 μενοι
113 1831 185 1890 λόγον,
206 1831 245 1877 ἀπὸ
262 1833 283 1878 δέ
297 1837 338 1878 τών
353 1833 417 1890 ἐργαν
431 1836 468 1877 τοῦ
482 1831 547 1889 νόμον
563 1835 696 1890 δικαιωδῆναι
711 1833 762 1877 ἐλπί-

43 1917 123 1956 σαντες,
146 1903 194 1962 ὅπερ
214 1903 325 1958 ἀδύνατον,
348 1906 423 1962 ἐκείνης
440 1922 461 1949 τε
481 1903 518 1949 οιίκ
537 1905 616 1963 έτυχον,
638 1906 670 1949 καί
688 1905 763 1964 ταύτην

43 1976 136 2035 οάδαμώς
150 1982 278 2035 περιποιῆσαι
292 1977 371 2029 ἐαυτολς
385 1976 517 2034 δεδύνηνται’
540 1978 669 2036 προσέκοψαν
682 1977 721 2036 γδρ
735 1982 789 2039 κρῖνε

44 2052 94 2112 λίδηι
109 2053 146 2094 ταώ
160 2048 324 2137 προσκόμματος,
346 2048 393 2109 ὅπερ
412 2047 569 2107 θαυμασιώτατα
587 2048 694 2109 ἐπήγαγεν,
714 2050 763 2096 ώστε

45 2126 75 2167 δεῖ
76 2121 130 2176 ἕατ’
119 2139 150 2166 οτι
160 2120 184 2166 οὐ
193 2122 218 2166 νδ
228 2122 314 2208 πρότερα
325 2120 401 2175 αὐτῶν,
416 2121 466 2167 ἀλλά
476 2121 501 2167 κά
511 2126 549 2167 νῦν
560 2125 591 2167 αίτ
593 2141 651 2169 ιαται.
669 2124 764 2181 Ἐτρεχον

44 2190 82 2239 οὖν
97 2195 145 2252 φησί
160 2192 199 2250 πρὸ
214 2193 288 2239 τούτου
301 2199 336 2252 τῆς
350 2193 401 2240 κατά
416 2193 480 2253 νόμον
494 2197 547 2240 δικαι
541 2193 623 2282 ιοσύνης
632 2195 669 2240 τδν
678 2194 762 2253 δρόμον,

44 2268 77 2311 καὶ
71 2268 118 2323 ιην
133 2264 201 2317 αὐτοῖς
216 2265 336 2324 οὐδαμώςι
324 2265 398 2324 μέμψιν
413 2265 458 2312 τινά
473 2268 580 2324 ἐπαγαγεῖν
594 2266 645 2324 υπέρ
659 2271 699 2311 τών
715 2284 764 2325 προ-

44 2339 115 2397 τέραν,
131 2336 172 2383 ἀλλ’
188 2338 253 2397 ώσκερ
268 2341 319 2400 λίθῳ
334 2340 373 2384 τινί
386 2343 415 2400 τηῖ
429 2356 484 2400 κορι
470 2340 491 2383 ἰο
507 2338 539 2384 δι
520 2357 540 2383 ια
555 2343 590 2396 νίης
600 2337 691 2391 ἀπιστίας
702 2350 764 2396 προσ·
770 2356 790 2384 εο

45 2410 167 2470 κρούσαντες
186 2411 220 2455 καλ
242 2411 294 2469 βαρδ
316 2412 338 2457 τδ
360 2385 481 2468 κατάπταμα
501 2409 653 2468 ὑπομείναντες,
678 2409 764 2468 μάταιον

90 2565 104 2589 ι.
117 2558 135 2590 V.
147 2553 215 2597 τινές-
231 2579 245 2584 -
257 2556 278 2591 τὰ
290 2554 327 2601 ἑξῆς
339 2567 354 2590 ο.
366 2558 411 2591 Mon.
424 2557 530 2590 Τλιοοδοεολο
543 2557 612 2594 tribuit,
629 2560 683 2598 quoad
698 2563 765 2593 εεπλοο-

47 2618 87 2649 tiam
99 2619 154 2655 recte,
167 2626 268 2658 quamquam
280 2618 322 2650 λικεο
334 2617 370 2658 ipsa
382 2626 398 2650 v.
410 2616 496 2650 Theodori
507 2619 550 2649 sunt.
575 2623 589 2648 ε.
601 2611 644 2659 ἑξῆς.
664 2618 766 2662 Hucusque

46 2684 61 2710 ο.
74 2677 119 2710 Mon.
144 2683 169 2708 ει.
182 2676 226 2718 Spin.
243 2677 289 2712 addit
300 2679 338 2719 post
351 2685 365 2709 ιΔ
378 2673 449 2717 Χριστὸν
465 2684 481 2709 v.
495 2673 607 2718 κομίσασθαι,
625 2677 670 2719 quod
682 2679 722 2721 quid
734 2678 765 2712 sibi

47 2736 88 2769 velit
103 2745 137 2768 non
153 2736 243 2777 perspicio.
272 2744 298 2770 κο.
311 2738 357 2771 Haec
369 2737 446 2784 λρςανῑπε
461 2735 512 2769 etiam
527 2737 544 2768 in
560 2747 573 2770 α.
585 2737 630 2770 Mon.
643 2736 668 2780 (ο.
683 2739 738 2772 (Iram.
750 2749 766 2781 p.

47 2795 92 2838 367.)
106 2794 126 2829 Θ.
139 2792 230 2839 Μονάχονι
244 2793 381 2840 Θανμασιώτατα
393 2790 411 2828 δέ
423 2790 497 2839 ἐπήγαγε
508 2793 527 2829 τδ
536 2791 653 2840 προσέκοψαν,
666 2796 720 2839 δεῖξαι
728 2797 766 2844 βον-

47 2852 127 2898 λόμενος,
139 2849 165 2890 ότι
177 2876 200 2890 -.
224 2863 249 2891 κε.
262 2858 280 2891 G.
288 2859 342 2892 λλονα
354 2854 386 2900 γάρ
395 2864 436 2899 φησι
444 2855 477 2900 πρὸ
486 2855 517 2891 τοιῖ
525 2854 586 2891 τούτου
598 2879 620 2892 -,
649 2866 674 2891 τι.
687 2858 704 2892 C.
712 2860 765 2894 Mona

48 2913 197 2958 προσπταίσαντες.
