1773 3073
119 91 151 129 158
199 89 311 125 THEODORI
323 87 472 124 MOPSVESTENI
484 89 506 122 IN
519 88 642 124 EPISTOLAM
654 87 686 124 AD
698 89 772 132 ΤλΤῙίΜ.

120 198 203 252 αάτοάς,
219 199 252 241 λ’να
261 194 380 252 ὑγιαίνωσιν
395 195 416 240 ἐν
430 199 454 254 τῇ
469 197 539 240 πίστει,
568 194 666 254 Ἑλίγγειν
681 191 719 241 οὖν
734 195 840 254 ἀποτόμως

121 270 144 316 οὐ
159 268 206 320 τοός
221 266 338 324 ἀλλοτρίους
353 268 423 325 φησὶν,
444 265 495 311 άλλά
510 265 559 320 τούς
574 270 659 320 οἰκείους
674 266 789 326 άποτόμωςΙ
815 269 839 313 οὐ

119 342 157 399 γάρ
177 343 238 384 κάσιν
256 338 285 384 ἑνὶ
305 337 373 399 τρόπῳ
390 337 540 397 προσενεκτὲου,
563 337 613 385 άλλά
629 338 733 399 διαφόρως
746 340 778 384 καί
796 355 840 385 ποι-

119 415 177 464 κίλας
190 413 224 455 καλ
238 410 289 469 πρός
303 410 328 455 τά
342 409 469 469 ὑποκείμενα,

104 506 112 533 5
161 487 274 536 λ,15.16,
304 486 333 539 Π,
351 490 367 530 1.
396 484 474 546 Ἐπειδὴ
494 489 538 545 περὶ
553 486 577 532 τά
592 484 687 546 βρώματα
706 484 839 546 άκριβολογεί-

119 565 168 604 σδαι
182 558 275 617 ἐδόκουν,
292 558 319 613 άς
333 558 359 606 άν
374 559 424 605 κατά
439 558 503 618 νόμον
521 564 561 605 αὖα
573 560 609 617 μὲν
619 558 666 605 δίον
675 558 840 617 μεταλαμβάνειν,

119 635 159 677 τεόν
173 632 195 677 δε
209 631 328 691 άπάγεσδαι,
350 635 391 677 τῶν
405 631 517 690 γεγονότων
538 632 609 690 φησὶν,
634 629 752 690 άκάδαρτον
771 629 840 685 οὐδὲν,

120 706 137 749 εί
151 702 176 762 δίγ
190 721 220 757 τις
235 703 302 750 αὐτῶν
316 708 398 765 καδαρβ
412 703 561 763 μεταλαμβάνοι
575 708 599 763 τῇ
613 703 694 762 γνώμη
718 703 799 748 ἐπειδάν
819 703 841 748 δέ

120 792 150 827 τις
164 775 188 820 δι’
204 775 298 821 ἀπιστίαν
314 776 354 834 ίχοι
373 775 410 834 τὴν
430 779 543 833 συνείδησιν
562 775 724 834 μεμολυσμένηυ,
746 774 841 834 καθαρόν

96 846 182 893 τοοάδὲυ
196 852 224 909 τῷ
238 846 332 910 τοιοάτῳ,
348 847 455 907 βλάπτεται
469 848 507 908 γάρ
522 847 557 906 ὑφ’
573 847 668 894 ἁπάντων
680 847 764 905 ὁμοίως
780 845 840 905 ὁγάρ

121 919 170 973 θεὸς
184 919 250 966 πάντα
264 920 347 981 καθαρά
362 922 463 979 ἐποίησεν,
484 924 500 966 εἰ
514 921 536 966 δὲ
551 919 657 979 άκάλλαρτά
672 921 735 974 ἐστιν,
755 918 767 978 ἡ
782 937 841 978 κατη-

121 995 180 1050 γορία
193 996 230 1038 τοῦ
245 992 430 1051 δημιουργήσαντος
444 993 534 1038 άπτεται·
549 994 583 1038 καί
596 992 657 1038 τοῦτό
672 994 712 1037 ἐστι
726 991 777 1037 δεδυ
792 990 841 1051 δμο-

121 1069 218 1123 λογοόσιν
229 1066 312 1117 εἰδέναι,
326 1071 368 1118 τοῖς
383 1066 404 1110 δὲ
420 1066 485 1124 ἔργοις
500 1063 616 1122 άρνοῦνται.
643 1064 703 1110 Ἀλλά
718 1065 780 1122 μηδὲν
794 1064 841 1110 τοό-

121 1153 161 1182 των
179 1137 245 1182 δυεκεκ
264 1135 355 1195 σιγήσης,
377 1136 416 1182 κάν
434 1135 460 1192 μὴ
479 1136 575 1194 δέχωνται
593 1136 652 1193 φησὶ,
675 1134 700 1181 σά
718 1135 744 1181 τά
765 1140 841 1181 σαυτοῦ

96 1207 200 1266 ιεπράττε.
223 1207 275 1267 ’Ἆρα
290 1207 314 1253 οὐ
328 1208 351 1253 τδ
366 1214 526 1265 παρατηρεῖσθαι
540 1208 687 1265 καθαρότητος,
706 1207 757 1253 άλλά
775 1214 841 1252 καλια-

124 1279 207 1338 ράτητος
220 1279 243 1325 τδ
257 1278 339 1325 πάντων
353 1284 489 1338 κατατολμάυ·
511 1283 533 1325 αί
549 1279 588 1339 γάρ
605 1280 752 1340 παρατηρήσεις
766 1280 840 1326 ἐκεῖναι

123 1351 214 1410 σάμβολα
227 1346 279 1410 ἦσαν
293 1354 411 1411 καθαρσίων
424 1354 457 1398 καί
471 1351 539 1408 τόποι,
559 1355 598 1398 κάν
613 1353 634 1397 δὲ
648 1356 711 1398 ταῦτα
727 1352 764 1399 οὐκ
782 1351 840 1399 άπαι-

123 1424 221 1481 τοόμεδα,
242 1424 322 1481 μετέστη
336 1423 375 1481 γάρ
390 1427 417 1477 είς
431 1423 468 1481 την
481 1424 548 1482 ψυχὴν
567 1424 590 1469 τδ
607 1428 656 1469 πάν·
678 1424 702 1469 οό
721 1428 753 1469 δεῖ
770 1428 840 1470 τοίνυν

124 1494 264 1556 προσεδρεύειν
278 1503 321 1549 ταῖς
335 1502 407 1552 σκιαῖς,
423 1495 473 1542 άλλά
487 1500 522 1554 τῆς
536 1495 631 1555 άληδείας
647 1496 734 1557 ἔχεσθαι.

98 1580 118 1610 λθ
165 1573 193 1614 11.
208 1575 227 1613 3.
257 1568 299 1625 Οάγ
313 1568 339 1620 όίς
353 1585 405 1620 τινες
420 1568 523 1626 ἐνόμισαν,
543 1568 572 1613 ὅτι
587 1572 698 1627 χειροτονία
712 1587 742 1622 τις
756 1565 782 1627 ἦν
796 1570 841 1616 τότε

125 1641 147 1686 ἐν
160 1641 239 1698 γυναιξί
253 1640 403 1699 πρεσβυτέρων·
427 1639 515 1685 διδάσκει
528 1639 567 1698 γάρ
582 1639 656 1698 δμοίως
669 1642 702 1686 καὶ
716 1646 756 1687 τῶν
772 1661 843 1699 γυναι-

124 1717 166 1758 κῶν
179 1712 215 1764 τάς
228 1712 265 1770 τὴν
280 1710 358 1769 ἡλικίαν
371 1712 503 1772 παλαιοτέρας
517 1710 539 1756 τό
552 1729 572 1757 τε
582 1717 646 1771 σχῆμα
656 1712 707 1771 ἔχειν
717 1715 840 1772 ίεροπρεπὲς,

125 1788 160 1831 λυα
174 1787 218 1844 ε’ίπη
233 1784 352 1844 θαυμαστόν
366 1786 399 1830 καὶ
414 1784 521 1842 αἰδέσιμον.

173 1897 217 1930 5.(1.
230 1896 256 1930 Gr,
268 1908 285 1939 p.
296 1897 324 1931 93.
337 1895 374 1940 (Q)
386 1890 443 1937 ’Ἁλλος
454 1894 514 1941 φησίν·
540 1904 564 1929 ιν.
578 1897 596 1931 C.
609 1897 644 1944 Crf:
656 1893 690 1932 ἔστι
705 1918 718 1924 -
733 1890 793 1932 ε’Θεδν-
818 1905 843 1930 κο.

128 1956 145 1991 G.
159 1955 185 1991 Cr.
197 1967 213 1999 p.
225 1955 251 1991 94,
264 1955 299 2001 (Θ)
