1773 3073
103 52 124 88 to
322 52 435 86 Tfluouunr
449 52 599 88 MOPSVESTENI

146 163 190 205 Hoc
211 160 290 216 quidem
313 157 424 215 prodest,
448 159 474 202 ad
484 165 563 218 patrem
579 159 680 203 meamet
694 164 773 217 patrem
788 173 822 203 ve·

105 241 178 283 strum,
195 232 214 275 et
227 231 292 273 Deum
309 242 376 272 mcum
392 235 411 273 et
425 231 491 273 Deum
507 237 606 284 restrum,
623 246 682 276 nomo
697 231 726 275 sic
742 231 823 275 demens

106 312 146 355 est,
163 312 184 347 ut
199 302 231 346 alii
246 299 325 343 cuidam
340 302 449 344 convenire
464 301 550 351 diceret,
568 304 606 347 uisi
620 303 695 361 templo
706 303 744 347 Dei
753 302 823 351 Verbi,

106 382 193 420 assumto
212 386 249 433 pro
270 378 338 416 nostra
357 373 421 417 salute
440 373 527 428 homini;
551 376 586 434 qui
601 385 620 420 et
635 382 726 420 mortuus
742 380 782 425 est,
806 379 826 417 et

91 447 224 495 eresurrexit,
240 450 260 488 et
275 460 395 490 ascensurus
411 454 463 490 esset
477 448 498 490 in
513 448 592 498 coetos,
610 454 629 492 et
642 454 720 506 patrem
736 446 774 490 sibi
790 445 825 489 ad·

105 520 184 577 scripsit
203 531 248 560 cum
270 517 373 575 discipulis
395 519 475 569 Deum,
502 524 521 561 et
545 520 589 577 ipse
613 520 676 578 gratia
697 518 826 576 adoptionem

106 591 197 639 meritus,
218 595 238 632 et
252 590 318 632 Deum
332 604 391 634 suum
407 590 505 648 appellat,
527 592 574 648 quia
589 605 635 633 cum
650 592 721 634 ceteris
740 590 827 633 homini·

107 663 143 706 bus
158 661 247 705 similiter
261 667 283 704 ut
299 669 351 704 esset
366 662 451 720 aceepit.
488 660 545 705 Unde
560 666 644 719 propter
663 662 828 705 communitatem

107 734 187 791 quidem
207 737 290 775 naturae
309 740 388 790 patrem
407 747 475 776 meum
495 740 514 776 et
528 739 605 790 patrem
620 739 709 777 vestrum
725 732 784 781 dicit,
808 738 828 774 et

82 807 171 848 ruDenm
191 818 258 847 meum
278 811 298 847 et
312 805 378 848 Deum
397 811 497 849 vestrum:
522 804 587 848 divisit
602 809 668 848 antem
684 804 756 849 iterum
771 818 828 848 suam

108 892 213 935 personam
233 875 257 919 ah
278 877 338 935 ipsis,
361 878 494 936 praecipuum
514 879 589 935 gratiae
609 878 724 935 significans
745 884 829 935 propter
884 887 887 936 3

108 964 167 1007 quam
187 949 212 992 ad
230 949 294 991 Deum
314 948 403 992 Verbum
418 949 580 993 coniunctionem
599 949 620 992 in
635 949 681 992 loco
697 950 740 992 ueri
754 949 789 991 filii
804 947 828 990 ab

109 1020 202 1064 omnihus
218 1021 331 1064 honoratur
345 1019 467 1062 hominibus.
886 1008 887 1021 ³

151 1090 206 1142 XX,
223 1095 256 1134 22.
287 1093 332 1135 Hoc
347 1090 402 1147 quod
418 1091 491 1134 dietum
508 1096 549 1141 est,
571 1090 666 1148 accipite,
687 1105 725 1148 pro
741 1091 829 1149 accipie-

83 1177 101 1205 ιε
110 1161 133 1206 tis
151 1163 204 1207 dicit.
235 1163 256 1206 Si
274 1163 327 1206 enim
342 1177 388 1206 cum
402 1161 536 1212 insufflasset,
560 1162 657 1220 Spiritum
671 1161 758 1206 dedisset
769 1161 829 1205 disci-

109 1235 172 1293 pulis,
196 1234 251 1293 quod
265 1236 323 1278 vaide
338 1235 420 1293 quidam
435 1234 495 1278 stulte
510 1234 687 1285 existimaverunt,
704 1233 830 1293 superfluum

111 1314 154 1351 erat
168 1308 234 1350 dicere
249 1312 319 1364 postea
333 1306 374 1357 his,
399 1313 418 1349 et
436 1307 523 1349 niaxime
542 1307 563 1348 in
582 1312 673 1363 tempore
692 1320 787 1348 ascensus
806 1305 831 1348 ad

112 1377 190 1427 coelos,
206 1392 246 1420 non
262 1379 351 1435 separari
366 1377 391 1419 ab
407 1376 528 1427 Ierusalem,
544 1376 580 1419 sed
595 1382 713 1434 exspectare
726 1377 832 1435 promissi-

113 1463 171 1491 onem
187 1448 278 1507 Spiritus.
309 1449 335 1492 Et
352 1449 373 1491 in
392 1447 535 1506 sequentihus:
561 1448 596 1492 scd
616 1449 718 1507 accipietis
739 1449 832 1493 virtutem

86 1521 266 1578 iesuperveniente
286 1521 362 1578 Spiritu
381 1527 452 1563 sancto
473 1520 494 1562 in
516 1534 559 1563 rios.
590 1521 616 1562 Et
638 1519 744 1563 adventum
766 1526 833 1563 eutem

114 1592 181 1649 ipsum
196 1591 260 1633 saneti
274 1591 359 1648 Spiritus
375 1604 436 1647 super
451 1590 570 1648 discipulos,
595 1598 664 1648 aperte
678 1591 742 1633 Lucas
758 1589 833 1633 factum

115 1677 158 1706 esse
177 1662 225 1705 dicit
243 1661 409 1719 quinquagesimo
433 1661 464 1704 die
483 1663 637 1704 resurrectionis
655 1669 701 1720 post
719 1677 831 1705 ascensum.

116 1735 141 1778 Et
159 1733 208 1776 illud
228 1740 294 1776 autem
312 1732 510 1776 animadvertendum
526 1741 565 1784 est,
589 1733 675 1791 quodsi
690 1733 714 1776 ah
729 1733 832 1777 insufflatu

117 1805 249 1863 sus-cepissent
264 1802 373 1862 Spiritum,
394 1819 434 1847 non
450 1804 534 1853 diceret,
556 1805 652 1863 accipite,
671 1805 717 1855 sed,
737 1806 833 1863 quoniam

89 1877 227 1934 praecepistis.
264 1877 308 1919 Hoc
328 1876 380 1919 enim
396 1876 451 1934 quod
466 1877 540 1920 dictum
555 1883 595 1927 est,
619 1877 715 1936 accipite,
739 1877 768 1920 his
785 1891 834 1920 con-

117 1950 170 1992 uenit
186 1949 220 2007 qui
235 1947 323 1992 nondum
339 1955 467 2007 acceperunt.

157 2018 209 2068 XX,
225 2023 258 2063 28.
289 2020 343 2062 Dicit
357 2020 388 2067 ,ud
406 2020 514 2063 Thomarn:
539 2019 591 2062 infer
610 2020 692 2076 digitum
711 2027 767 2063 tuum
782 2021 833 2069 hue,

117 2097 136 2135 et
151 2091 196 2134 vide
210 2106 281 2133 rnanus
300 2105 367 2138 meas,
391 2097 411 2132 et
425 2091 507 2147 porrige
521 2104 602 2133 uranum
617 2096 684 2140 tuam,
708 2099 727 2133 et
745 2092 800 2134 mitte
814 2092 834 2134 in

161 2183 175 2207 a.
188 2174 225 2208 Act.
238 2174 255 2208 C.
268 2174 285 2207 C.
297 2174 318 2206 tl.
330 2175 358 2207 IV.
373 2174 398 2206 13.
416 2174 453 2216 Vig.
466 2174 483 2206 G.
496 2174 523 2207 tc.
539 2175 573 2212 „nt
587 2183 609 2207 ex
620 2175 690 2216 interpr.
704 2184 729 2208 er.
741 2185 775 2208 sec.
787 2177 835 2210 Ioan-

117 2245 155 2267 uem
168 2235 178 2268 Ι,
191 2237 238 2267 sento
251 2234 294 2272 [Par.
303 2234 367 2275 septtss‘
391 2234 570 2276 inqrnnestvigt,
595 2240 608 2266 t.
621 2234 680 2268 Paris:
693 2235 754 2267 Verbo
780 2243 794 2268 t.
808 2236 836 2278 qui

118 2297 141 2327 est
152 2295 228 2327 mortuus
240 2294 276 2336 Vig.
290 2293 307 2327 C.
332 2300 340 2325 t
359 2293 510 2336 adscriptitiae.
534 2294 557 2325 ib.
570 2293 657 2335 discipulis
666 2294 700 2327 suis
712 2295 810 2337 DeumVig.
819 2296 836 2329 G.

118 2354 148 2386 Pro
161 2354 223 2392 Deum,
241 2353 284 2396 quod
297 2362 306 2386 e
318 2356 358 2386 vett.
370 2353 389 2385 ll.
403 2353 468 2395 recepi,
488 2353 537 2395 vulgo
555 2353 626 2395 tegitur:
649 2353 717 2386 domini.
742 2362 767 2387 tt,
780 2364 837 2397 perso·

119 2424 157 2446 rrum
168 2414 217 2457 ipsis,
230 2414 332 2458 principium
341 2416 377 2457 Vig.
387 2415 443 2448 Const.
467 2422 492 2447 ῖῖ.
506 2415 625 2448 coniunctione
635 2415 672 2456 Vig.
683 2414 739 2448 Const.
764 2424 790 2447 ru.
801 2416 836 2448 Act,

120 2474 136 2506 C.
152 2475 168 2507 G.
186 2476 204 2508 rt
217 2477 244 2508 Ιῖῖλ
262 2477 288 2507 tr.
311 2476 348 2517 Vig.
361 2476 378 2509 C.
392 2476 418 2508 15.
442 2475 476 2508 »Et
493 2475 523 2507 Th.
536 2476 605 2508 eneod.
618 2474 838 2508 1.001111nerrtiseo.loan-

120 2535 239 2575 nen1:quilrus
251 2535 292 2567 dicit
302 2535 338 2567 -tt
365 2535 471 2577 tequidem
483 2534 546 2576 viad.
571 2542 596 2566 17.
609 2534 626 2565 V.
636 2533 653 2565 in
665 2536 704 2565 ante
717 2537 793 2576 tempore
805 2544 838 2567 om.

119 2592 187 2634 vigne.
210 2593 402 2636 iu.tncoet⁰srig.e.
427 2592 657 2636 recuperaturum.
683 2594 838 2637 idumaeae

120 2652 245 2692 rodente.
270 2653 291 2686 ib.
304 2654 348 2686 V‚et
359 2654 463 2696 o1n.Vig.G.
489 2661 514 2687 cr,
528 2655 545 2686 V.
555 2656 613 2694 aperte
626 2663 659 2685 orn.
669 2653 705 2695 vig.
716 2654 734 2687 G.
759 2654 839 2687 emittat

120 2714 175 2744 tarnen
187 2711 224 2753 Vig.
233 2712 249 2745 G.
273 2712 295 2745 in.
308 2714 344 2745 Pau
354 2713 374 2745 εἰ]
387 2722 407 2745 eo
415 2713 498 2747 insudate.
524 2721 550 2746 27.
563 2711 720 2749 tudertin
733 2716 764 2752 re,
777 2714 812 2756 vig,
822 2714 839 2747 G,

120 2772 152 2812 16,
165 2770 227 2813 Pelagii
239 2780 275 2813 pap.
288 2781 313 2813 ep.
325 2773 346 2806 ad
359 2771 474 2815 Etiamdquit.
489 2773 523 2806 uEit
536 2773 567 2805 Ttn
580 2781 599 2805 en
613 2776 706 2806 continente
719 2784 753 2808 sec.
764 2774 777 2805 Ι.
789 2782 838 2806 erau-

119 2830 167 2873 getii,
181 2830 209 2863 nbi
222 2830 262 2863 dicit
278 2851 291 2856 -
307 2832 339 2864 -.‘¹
364 2833 388 2866 ih.
402 2833 448 2867 rara:
462 2833 511 2866 uixit.
