1773 3073
143 54 166 90 88
279 52 284 58 ”
361 52 474 87 THEOBORI
485 52 636 88 MOPSVESTENI
653 64 655 66 ·

145 159 261 208 ἀποστόλων
271 157 384 217 ἀπήρτησεν
398 160 491 218 διδαχῆς,
506 158 555 205 ίίστε
570 161 632 214 δεῖξαι
646 163 682 206 τοῦ
696 157 761 215 νόμον
775 157 798 203 τό
814 157 861 216 γρή-

146 246 213 293 σιμον,
235 232 273 288 είγε
290 229 339 283 τοῦς
354 227 448 277 ἀπόντων
463 231 562 286 ἀνέδειξεν
576 231 709 285 διδασκάλους
726 228 861 286 ἀποστόλους,

146 304 221 362 έπάγει·
242 301 311 355 καδῦς
325 302 445 361 γέγραπται,
466 301 493 355 τίς
511 302 582 360 ἀραίοι
600 307 620 349 οί
637 303 697 356 πόδες
715 305 749 348 καὶ
763 302 787 348 τό
805 302 861 360 ἑξῆς·

145 381 219 435 εἴρηται
236 373 258 419 δέ
275 378 338 419 ταῦτα
353 373 377 421 οῦ
392 377 490 434 περὶτῶν
505 374 622 423 ἀποστόλων
636 380 664 438 τῷ
681 373 789 434 προφήτη,
812 372 863 420 ἀλλά

130 448 189 505 τπερί
202 450 242 491 τάν
256 445 370 503 μελλόντων
384 447 468 506 μηνῦειν
481 447 506 493 τά
515 450 560 507 περὶ
572 448 683 500 Ἰουδαίους
694 446 778 505 ἐσόμενα
788 445 862 503 ἀγαδά.

145 522 170 564 Εἰ
184 518 206 564 δέ
220 521 240 563 οί
253 521 339 577 μηνυταί
350 521 430 565 ἐκείνων
441 521 489 578 φησὶ
500 519 552 565 οῦτω
562 523 679 578 νομίζονται
688 519 794 577 θαύματος
804 518 863 572 ἀξιον,

145 587 220 651 ήπονγε
234 589 344 650 ἀναγκαῖόν
358 609 377 638 τι
390 597 472 652 πράγμα
486 594 519 638 καλ
533 592 694 638 λυσιτελέστατον
708 591 771 637 ἀπασι
785 592 816 636 δεῖ
829 607 864 635 νο-

145 667 206 721 μίζειν
220 667 261 708 τάν
276 663 394 711 ἀποστόλων
408 665 445 722 τήν
460 664 551 722 διδαγήν.

186 735 217 790 Χ,
234 738 265 780 16.
297 734 326 782 Τό
342 733 382 781 ἀλλ’
399 734 423 781 οῦ
438 734 510 790 πάντες
526 733 682 796 ῦυήαουσαντή
692 732 800 795 εὐαγγελίῳ
814 733 865 780 κατά

121 807 241 865 ιοέροίτησιν
256 807 404 865 ἀναγνωστέον,
428 808 548 861 ἀντιθέσεως
562 808 616 865 μέρει
630 807 684 866 παρά
699 812 735 852 τοῦ
751 804 865 852 ἀποστόλου

145 880 204 924 τεθέν
219 878 263 923 ἀντί
277 883 315 923 τοῦ
326 878 367 924 ἀλλ’
383 881 433 936 ἐρεῖς
444 879 475 923 ότι
484 879 510 938 μή
521 879 593 931 πάντες
604 879 730 922 ἐπίστευσαν·
746 877 865 935 δανμασπδν

147 950 216 1005 οὐδέν,
237 949 345 1011 πόρρωθεν
363 951 401 1011 γάρ
422 954 498 1009 ε’ίρηται
517 956 544 1013 τῷ
561 949 633 1011 Ἡσαίη
647 954 687 995 νῦν
701 949 828 1007 πειθομένων
841 948 866 1015 τό

147 1023 245 1069 σπάνιου·
267 1023 320 1068 οῦτω
339 1027 391 1081 γοῦν
406 1024 427 1068 έν
442 1021 511 1085 ἀπόρῳ
526 1026 602 1068 τίδετυι
616 1021 639 1067 τό
653 1026 735 1080 πρῆγμα
749 1019 776 1073 ῦς
791 1020 865 1079 λέγειν,

147 1098 176 1148 τίς
195 1095 234 1153 ἀρα
253 1095 307 1139 έσται
325 1093 336 1139 ό
357 1094 462 1152 δεξόμενος
481 1099 554 1148 ταῦτας
576 1094 626 1154 ἀυερ
644 1089 682 1140 οῦν
701 1091 755 1152 ῆμείς
772 1091 813 1138 ῦπό
831 1097 867 1151 τῆς

122 1169 204 1219 ισδείας
217 1166 298 1225 γάριτος
312 1165 450 1225 μεμαθηκότες
466 1165 597 1225 αηρῦττομευ·
617 1165 693 1212 οάκοῦν
713 1164 761 1211 οῦδέ
777 1169 817 1211 νῦν
835 1183 866 1223 γε·

147 1241 227 1298 γένηταί
241 1256 259 1283 τι
273 1238 353 1291 καινόν,
376 1240 409 1284 καί
424 1238 486 1291 λῦσας
501 1242 525 1299 πῆ
539 1241 640 1300 μαρτυρίᾳ
653 1238 691 1297 τήν
706 1237 818 1295 ἀντίθεσιν,
833 1236 866 1283 ἀπ’

149 1311 210 1370 αὐτῆς
230 1312 397 1368 έπισνλλογίζεται
415 1311 440 1356 τά
459 1310 499 1369 πρὸ
518 1315 553 1369 τής
572 1310 703 1366 ἀντιδόσεως,
727 1309 750 1355 τὸ
770 1314 812 1361 πῶς
830 1305 868 1355 οῦν

149 1382 299 1429 έπικαλέσουτυι
318 1385 345 1436 είς
363 1382 387 1428 δν
405 1382 443 1429 οάκ
458 1383 575 1428 ἐπίστευσαν
588 1384 622 1429 καί
636 1382 660 1428 τίι
675 1382 728 1441 ἑξῆς,
747 1383 781 1427 καὶ
795 1382 867 1440 φησίν·

150 1456 189 1514 ἀρα
203 1452 215 1512 ή
230 1457 294 1507 πίστις
309 1455 328 1510 ἐξ
343 1454 413 1513 ἀκοῆς,
436 1453 448 1512 ή
467 1455 488 1500 δέ
507 1454 557 1513 ἀκοή
573 1454 606 1500 διά
621 1453 708 1513 ῥήματος
726 1458 782 1500 θεοῦ.
813 1453 868 1511 Πρόι

125 1530 213 1583 ιοδηλον
231 1526 252 1569 δὲ
269 1523 316 1583 ήμλν
334 1535 396 1583 φησιν
411 1524 450 1570 ἀπὸ
464 1528 499 1583 τῆς
517 1529 553 1569 τοῦ
573 1523 679 1584 προφήτου
699 1528 769 1584 φωνῆς
787 1522 868 1570 κάκεῖνο

152 1598 200 1656 ὅπερ
224 1597 328 1654 ἐλέγομεν,
356 1596 387 1642 ὅτι
407 1600 472 1649 πίστις
495 1597 602 1655 μαθήσεως
631 1596 687 1649 έκτῦς
711 1597 749 1645 οῦκ
772 1597 798 1641 ἀν
821 1612 869 1641 ποτε

151 1670 237 1729 γίνοιτο,
257 1670 290 1715 καί
305 1667 393 1728 μάδησις
407 1668 506 1728 εὐσεβείας
521 1668 560 1715 οῦκ
574 1668 601 1715 ἀν
615 1669 708 1728 συνέστη,
728 1668 755 1728 μή
770 1673 821 1714 δεοῦ
835 1668 868 1715 τά-

152 1743 212 1801 ληδές
233 1740 356 1794 δεικνύντος·
379 1741 426 1801 όπερ
447 1737 484 1788 οῦν
503 1743 535 1787 καί
553 1746 591 1787 νῦν
609 1741 642 1787 διά
658 1746 699 1787 νῦν
715 1740 756 1787 ῦπδ
771 1746 798 1802 τῷ
812 1740 869 1803 νόμῳ

152 1812 347 1872 παιδαγωγουμένωυ
362 1813 447 1871 ἐγένετο,
471 1812 508 1866 οῦς
527 1814 548 1859 ἐν
565 1818 635 1876 μακρῷ
654 1818 681 1875 τῷ
700 1813 766 1876 χρόνῳ
781 1813 815 1859 διά
829 1818 869 1859 τῶν

126 1906 145 1934 οε
153 1890 262 1945 προφητῶν
273 1884 379 1943 ἀναμένειν
388 1891 451 1932 ταῦτα
461 1885 570 1939 παιδεύσας
580 1886 637 1942 θεὸς,
653 1887 674 1932 έυ
688 1891 752 1949 καιρῷ
767 1891 794 1948 τῷ
808 1897 870 1943 προσ-

152 1959 222 2015 ήκοντι
237 1957 369 2009 διδασιιάλους
382 1962 417 2014 τῆς
432 1957 528 2015 ἀληθείας
542 1958 616 2001 ἀποισιν
631 1957 749 2015 ἀνθρώποις
764 1958 869 2011 ἀνέδειξεν.

195 2029 227 2080 X,
246 2034 275 2074 18.
308 2028 335 2074 Τὸ
350 2032 447 2087 μενοῦνγε
458 2032 484 2081 είς
493 2032 560 2074 πεῖσαν
574 2027 612 2087 τήν
626 2033 664 2087 γῆν
679 2029 764 2087 έξῆλδευ
778 2028 789 2076 ό
805 2028 871 2090 φδόγ-

152 2120 188 2159 γος
203 2100 278 2153 αῦτῦν,
294 2099 395 2159 πρόδηλον
410 2100 441 2145 ὅτι
455 2100 481 2158 μή
496 2099 522 2152 ῦς
535 2105 663 2159 προφητικῶς
677 2103 722 2159 περί
737 2101 804 2147 αὐτῶν
819 2104 871 2160 εἰρη-

152 2173 213 2232 μένον
232 2172 331 2225 τέδεικεν,
354 2171 394 2217 ἀλλ’
416 2170 442 2225 ἀς
459 2170 565 2229 ἁρμόττειν
584 2179 625 2225 τοῖς
639 2178 740 2230 παροῦσιν
755 2165 870 2232 δυνάμενον

126 2245 259 2304 ειιπράγμασι.
291 2244 379 2290 Κάκείυο
394 2245 415 2290 δέ
430 2245 495 2289 ἰστέον
510 2246 613 2296 έντεῦδευ,
634 2245 665 2289 ὅτι
684 2246 707 2290 τό
724 2251 822 2304 μενοῦνγε
840 2247 870 2291 έπέ

153 2317 207 2364 λόσει
220 2318 322 2376 κέχρηται,
346 2316 373 2370 ἀς
387 2316 413 2376 μή
428 2316 480 2363 εἶναι
496 2317 571 2374 ἀδήλου
586 2316 616 2361 ότι
630 2318 663 2361 καί
678 2317 706 2363 ὅτ’
721 2317 748 2363 ἀν
763 2319 808 2378 λέγη
826 2336 870 2376 μεν-

154 2395 212 2448 οῦνγε
226 2386 243 2435 τό
257 2390 353 2446 ἀνδρωπε
367 2388 393 2434 σι)
408 2392 437 2442 τίς
452 2386 493 2434 είὸ
508 2386 704 2446 ἀνταποκρινόμενος
713 2395 741 2451 τῷ
751 2395 802 2452 θεῷ,
817 2390 872 2436 λῦων

153 2463 175 2507 ιδ
190 2462 318 2519 ζητούμενον,
335 2460 372 2507 οῦκ
387 2462 492 2518 έπιτιμάν,
508 2459 535 2512 ίίς
549 2477 601 2512 τινες
616 2463 702 2513 οίουται,
718 2462 774 2519 λέγει.

195 2535 224 2584 X,
242 2539 271 2579 19.
302 2532 368 2580 Πόλιν
388 2533 457 2592 ἑτέραν
477 2531 580 2578 ἀντίθεσιν
600 2530 676 2590 έποίγει,
697 2531 746 2579 ἀλλά
772 2533 823 2592 λέγω
844 2533 870 2592 μή

200 2715 213 2738 ι.
226 2705 271 2738 Ηοεο
282 2711 355 2739 extrema
368 2706 456 2748 fragmenti
471 2714 486 2739 v.
495 2706 605 2740 inveniuntur
613 2705 664 2738 etiam
672 2706 689 2738 in
698 2716 711 2740 ο.
721 2707 768 2742 Mon.
781 2708 804 2749 (ο,
816 2706 871 2740 Gram.

154 2778 169 2810 μ.
182 2763 227 2807 379.)
245 2762 264 2798 Θ.
276 2763 367 2808 Μονάγουε
386 2763 472 2809 Είρῆσδαι
487 2761 505 2799 δέ
520 2765 574 2799 ταῦτα
590 2761 623 2808 έφη
634 2777 658 2804 τις
670 2761 691 2799 οῦ
702 2787 724 2798 -.
757 2775 770 2799 7.
785 2766 802 2800 Ε.
815 2767 872 2801 Mon-2

154 2824 211 2871 πολλῷ
222 2835 240 2867 γε
250 2823 312 2867 μᾶλλον
325 2819 383 2869 ἀναγιι
395 2835 423 2868 πρ.
446 2825 468 2859 ib.
483 2825 499 2860 ss.
512 2827 566 2861 λίσαι
579 2817 662 2865 ἅπαντας.
806 2824 810 2836 '⁴
