1773 3073
128 75 160 113 ίλί
346 75 458 110 THEODORI
469 75 622 113 MOPSVESTENI

169 188 188 240 Ι,
205 188 234 228 15.
263 184 335 233 Καλῶς
350 179 400 225 αὐτὸ
415 181 447 226 ἐπὶ
456 180 493 239 τὴν
502 180 619 241 πρόγνωσιν
629 182 726 241 άνήνεγκε
736 186 773 227 τοῦ
782 186 843 236 θεοῦ,

129 257 177 300 ίίστε
195 254 227 299 καί
245 251 284 309 πρὸ
301 255 336 309 τῆς
356 249 420 296 αὐτοῦ
437 250 541 312 ὑπάρξεως
559 256 669 311 φαίνεσθαι
683 257 711 314 τῷ
726 256 768 316 θεῷ
782 256 844 297 τοῦτο

128 324 254 384 δεδογμένον,
274 325 372 368 τοσοῦτον
393 321 481 369 άποδέον
499 329 536 370 τοῦ
555 324 662 384 καινότητα
682 323 734 371 είναί
751 342 797 371 τινα
810 326 845 370 καί
883 375 885 379 .

128 398 204 454 εὕρεσιν
218 393 333 454 άνθροίπων
347 394 370 440 τδ
385 393 483 456 κηρυγμα.

113 488 120 515 ε
168 472 194 521 ΙΙ,
209 473 228 513 λ.
260 468 318 521 Τινές
332 468 367 514 τὸν
382 469 404 514 δέ
419 468 531 526 σύνδεσμον
541 470 637 529 περισσὸν
647 470 726 528 ἔφασαν
735 468 796 525 εἶναι,
811 469 845 515 διά

127 541 148 585 δέ
161 540 209 592 τούς
223 541 387 600 ψευδαδέλφους
407 539 474 600 ἡγάρ
489 540 601 588 ἀκολουθία
616 543 678 597 ἐστίν,
698 542 728 587 ὅτι
748 540 796 587 οάδέ
814 543 845 586 Τί-

127 631 160 666 τος
169 612 242 671 Ἕλλην
257 612 286 658 οίν
300 613 419 673 ἠναγκάσθη
433 619 581 675 περιτμηθῆναι
596 615 629 660 διά
642 614 690 667 τοάς
700 614 846 673 παρεισάκτους

127 686 289 744 ψευδαδέλφους,
304 686 394 732 τουτέστι
407 686 456 739 τοὺς
470 686 606 745 βουλομένους
620 692 687 744 τηρεῖν
701 686 737 731 τὸν
751 685 821 745 νόμον.

169 761 198 811 ΙΙ,
214 762 233 803 6.
265 759 322 812 Τινὲς
337 759 373 816 μὲν
388 760 438 818 φασί
452 764 512 815 τοῦτο
528 758 590 806 αὐτὸν
605 759 677 817 λέγειν,
695 758 728 818 ὅτι
743 757 768 804 οὐ
782 758 846 817 μόνον

103 829 191 876 εοαιίτὸν
206 829 243 875 οὐκ
258 831 359 887 ἐδίδαξαν,
376 830 426 876 άλλιί
440 833 473 876 καί
488 830 623 891 ἐδιδάχθησαν
637 830 683 890 παρ’
699 829 768 876 αὐτοῦ,

169 907 197 959 ΙΙ,
213 908 245 949 15.
273 902 325 948 Ἀντί
339 908 376 948 τοῦ
391 905 413 948 ἐκ
426 903 498 962 γένους
512 905 545 950 καί
560 903 584 950 οά
599 903 730 962 προσήλυτοι·
746 901 795 964 ὁρᾷς
804 906 847 957 πῶς

129 975 272 1028 λανθανόντως
291 979 331 1021 τείν
350 975 453 1021 Ἰουδαίων
470 974 594 1021 καθάπτεται
611 975 697 1034 κοίτην
714 978 845 1021 διδασκαλίαν

130 1051 248 1107 συντίθησιν
267 1047 422 1107 άπηρτισμένην,Ι
443 1047 504 1093 είπιδν
521 1047 559 1107 γάρ
574 1049 634 1107 φάσει
647 1047 741 1094 Ἰουδαίου
759 1050 792 1094 καὶ
809 1047 847 1094 οὐκ

130 1122 149 1173 ἐξ
164 1122 231 1165 ἐθνῶν
245 1119 367 1176 ἁμαρτωλοί,
387 1121 420 1164 καί
439 1122 504 1165 αἰτίαν
521 1122 601 1176 τίθησιν
619 1119 703 1178 είίλογον
717 1119 741 1164 δι’
756 1119 782 1177 ἣν
800 1119 848 1165 άπέ-

104 1204 205 1250 εεστησαν
220 1196 256 1235 τυιί
269 1189 402 1248 ἸουδαῑσμοῦΙ
486 1195 487 1198 ’

171 1268 200 1318 ΙΙ,
218 1269 249 1309 19.
279 1262 358 1322 Ἐπειδὴ
374 1264 395 1309 ἐν
409 1268 437 1325 τῷ
452 1267 572 1323 βαπτίσματι
586 1268 623 1309 τοῦ
638 1282 658 1309 τε
668 1263 803 1310 θανάτουκαὶ
813 1267 848 1321 τῆς

132 1335 256 1388 άναστάσεως
270 1335 333 1381 τύπον
348 1335 458 1395 ἐπλήρουν,
473 1341 639 1395 συσταυροῦσθαι
654 1337 745 1394 ἐλέγοντο
759 1341 787 1398 τῷ
799 1341 849 1394 Χρι-

132 1414 180 1471 στῷ,
203 1408 229 1462 είς
246 1407 272 1453 άν
291 1407 354 1454 αὐτοῦ
372 1408 409 1467 μέν
428 1408 462 1454 διά
476 1398 565 1467 σταυροά
579 1409 616 1454 τὸν
630 1409 721 1454 θάνατον
739 1409 848 1466 δεξαμένου

131 1484 164 1527 καί
178 1479 311 1533 άναστάντος,
327 1480 385 1525 αὐτοὶ
400 1481 422 1525 δέ
435 1481 486 1526 κατά
499 1480 564 1525 τύπον
578 1485 615 1526 τοῦ
630 1483 765 1539 βαπτίσματος
775 1482 796 1525 ἐν
806 1486 848 1533 τοῖς

107 1553 208 1613 εοὸμοίοις
226 1552 342 1612 γιγνόμενοι
361 1552 389 1599 ἐπ’
411 1555 474 1599 ἐλπίδι
493 1558 530 1599 τοῦ
547 1555 581 1599 καί
599 1553 663 1612 πάντη
681 1553 728 1599 πότε
746 1559 848 1612 μετασχεῖν

78 1616 79 1619 ¹
132 1632 172 1673 τῶν
191 1626 275 1685 ὁμοίων,
295 1626 343 1672 ὅταν
362 1630 397 1684 τῆς
413 1629 482 1685 κοινῆς
496 1625 577 1671 πάντων
591 1625 718 1678 άναστάσεως
733 1628 754 1671 ἐν
770 1630 795 1685 τῇ
812 1630 849 1671 τοῦ

133 1704 205 1753 αἰῶνος
223 1702 324 1760 συντελείᾳ
342 1698 378 1744 τὸν
396 1698 468 1758 καιρὸν
485 1705 578 1755 παρεῖναι
597 1703 709 1759 σ·υμβαίνχχ’
731 1702 791 1743 τοῦτο
811 1693 848 1743 οὖν

134 1775 194 1830 λέγει·
215 1771 246 1818 ὅτι
260 1770 433 1831 συνεσταύρωμαι,
449 1772 518 1829 φησίν,
536 1774 564 1832 τῷ
579 1775 668 1832 Χριστῷ,
688 1771 784 1829 οὐδεμίαν
798 1770 848 1830 πρὸς

133 1845 170 1903 τίχν
183 1847 288 1904 παροῦσαν
302 1842 378 1902 ταυτην
392 1842 444 1902 ζωὴν
458 1845 566 1888 κοινωνίαν
582 1843 640 1901 έχων,
656 1844 677 1889 ἐν
692 1838 705 1903 ᾗ
719 1842 770 1889 κατά
784 1842 849 1901 νόμον

109 1917 273 1962 οεπολιτεάεσθαι
288 1914 339 1973 ἡμᾶς
353 1915 436 1973 άνάγκη,

176 1993 211 2045 Ιίλ,
229 1993 259 2034 16.
286 1986 313 2033 ‘H
327 1987 378 2048 πρὸς
394 1987 430 2034 τὸν
445 1986 535 2046 Ἀβραάμ
554 1987 611 2046 φωνὴ
627 1988 743 2046 ἐπαγγελίας
758 1988 798 2032 ἐστί
812 2005 851 2045 φη-

137 2075 177 2118 σιν,
196 2060 206 2106 ὁ
221 2061 242 2107 δέ
255 2060 317 2120 νόμος
331 2064 460 2120 κατορθῶσαι
475 2060 563 2117 άπαιτεί,
580 2062 612 2105 καί
627 2059 671 2105 τότε
686 2063 755 2106 δίδωσι
769 2059 804 2106 τὸν
819 2078 851 2117 μι-

137 2134 197 2185 σθδν,
213 2134 261 2176 ὥστε
276 2135 293 2176 εί
306 2134 343 2190 μέν
358 2132 398 2176 άπὸ
413 2138 449 2176 τοῦ
464 2134 529 2190 νόμον
543 2137 606 2176 ταῦτα
615 2132 755 2190 περιμένομεν,
770 2131 850 2190 περιττὴ

137 2203 149 2262 ἡ
169 2206 282 2262 ἐπαγγελία,
303 2202 314 2250 ὁ
333 2204 371 2261 γάρ
390 2202 484 2262 ἡμέτερος
501 2202 590 2262 κάματος
608 2204 640 2248 καί
659 2201 696 2262 οιίχ
713 2201 725 2261 ἡ
744 2208 781 2248 τοῦ
801 2207 851 2248 θεοῦ

115 2294 132 2321 ει
140 2277 241 2334 ἐπαγγελία
255 2276 291 2322 τὸν
304 2275 380 2334 μισθὸν
394 2274 442 2333 ἡμῖν
457 2274 592 2321 ἀποδίδωσιν
608 2279 624 2319 εί
639 2275 660 2320 δέ
674 2273 686 2333 ἡ
702 2277 808 2333 ἐπαγγελία
821 2293 851 2333 γε-

139 2348 217 2406 γένηται
230 2348 266 2406 τὴν
280 2352 316 2394 τοι]
335 2347 475 2407 ὑποσχομένου
492 2346 551 2407 χάριν
570 2349 704 2408 ἐμφαίνουσα,
727 2347 764 2393 οὐκ
783 2348 822 2407 άρα
839 2347 852 2407 ἡ

186 2504 200 2530 ε.
212 2497 229 2531 C·
241 2497 268 2530 Cn
280 2509 295 2541 p.
307 2498 333 2532 23.
346 2497 383 2543 (Θ.)
403 2496 438 2533 Καί
450 2492 500 2538 άλλως
512 2493 530 2531 δέ
542 2496 565 2538 εἰς
576 2494 606 2532 ιδ’
619 2489 647 2532 άτε
658 2492 677 2531 δέ
689 2492 780 2541 είδιίκησεν
791 2492 800 2532 ὁ
812 2493 854 2538 θεὸς

144 2551 153 2588 ὁ
165 2552 246 2599 ἀφορίσας
254 2568 274 2599 με
282 2555 299 2590 ἐκ
307 2558 371 2598 κοιλίας
382 2556 445 2603 μητρός
453 2569 485 2602 μου
498 2556 558 2603 φησίν·
584 2565 597 2592 5.
610 2559 628 2593 G.
642 2558 669 2593 Cr.
681 2568 697 2600 μ.
709 2558 736 2592 λδ.
749 2556 769 2591 (δ.
782 2558 854 2602 Σευηρι-

144 2613 189 2653 ανός.
213 2625 227 2649 ε,
239 2618 284 2649 Idem
296 2621 354 2651 statuit
365 2621 482 2652 Theodoretus
494 2620 524 2661 Op¹
537 2621 563 2650 εδ.
576 2619 612 2650 Hal⁴
624 2619 655 2650 ΙΙΙ.
666 2627 682 2659 p.
694 2618 731 2649 367.
760 2625 773 2650 ε,
785 2619 810 2650 Ita
823 2622 854 2651 cat.

144 2677 202 2706 auctor
218 2685 234 2717 p.
250 2676 276 2708 31.
292 2677 372 2719 disputat,
389 2680 417 2713 εεδ
433 2680 451 2713 in
466 2689 519 2722 marg.
531 2679 602 2721 legitur:
621 2676 712 2711 αἰνίττεται
724 2675 814 2720 Θεόδωρον
825 2675 855 2712 καί

146 2733 250 2777 Σευηριανὸν
265 2733 292 2768 καί
310 2733 396 2782 Εὐοὲβιον.
425 2739 529 2773 10.G.Cr.:
547 2733 658 2781 παράιίιιίν.
688 2746 714 2770 ει.
727 2738 745 2772 C.
759 2738 786 2773 Gr,
798 2748 815 2780 p.
829 2738 855 2771 39,

146 2790 218 2838 Σχωιιι
231 2791 250 2847 ο.
274 2800 298 2826 ιο.
310 2795 328 2827 ε.
340 2797 366 2830 ει.
378 2806 395 2838 p.
407 2797 434 2831 ω.
450 2798 487 2843 χο.)
500 2794 557 2839 ’καις
568 2794 619 2832 ιιωιι
632 2790 665 2832 σεε
676 2795 736 2841 φησίν·
761 2804 786 2831 τε,
798 2798 816 2832 ο.
829 2798 856 2832 Cr.

113 2854 115 2856 ’
146 2867 162 2899 p,
175 2855 200 2887 5ί,
214 2846 311 2897 (Θ.)”Αλλος
321 2852 371 2888 πάλιν
383 2855 443 2899 φησίν·
