1773 3073
148 121 170 156 92
369 121 480 155 THEODORI
496 121 642 158 MOPSVESTENI

190 229 230 282 Xl,
248 232 278 270 15.
311 226 370 276 Τίνος
385 224 451 270 ἕνεκεν
465 231 489 286 τῇ
500 226 580 272 πάντων
591 228 698 287 διορθώσει
707 227 745 286 τὴν
755 226 864 273 ἀνάστασιν

148 298 222 358 ἡγεῖται
237 295 247 341 ό
262 294 371 348 ἀπόστολος
386 296 471 351 ἕψεσθαι
485 297 583 355 πάντων,’
594 298 703 358 ἀναγκαῖον
718 300 785 345 εἰπεῖν,
817 304 864 353 Τοῖς

148 372 183 428 μὲν
203 367 283 425 ἀλόγοις
303 372 392 427 φυσικοῖς
410 369 488 415 άπαντα
507 371 613 429 πρόσεστιν
634 375 666 417 καί
684 371 717 418 οἷά
733 390 754 417 τε
773 371 864 417 ἐστίντὸ

146 440 209 485 κακόν
226 438 265 484 ἀπὸ
282 444 328 485 τοιῖ
338 444 402 486 καλοῦ
417 444 546 500 διακρίνοντα
561 444 641 505 ἐξουσία
655 444 736 502 γνοίμης
749 443 772 489 τό
790 446 865 488 δοκοῦν

133 512 235 566 τέλέσθαι,
252 510 328 572 ἀνάγκη
343 513 365 559 δέ
379 517 433 558 πάσα
447 519 488 567 τοῖς
503 514 558 573 ὅροις
573 515 663 573 ἐμμένειν
677 520 712 574 τῆς
726 516 815 574 φάσεως,
832 513 865 561 διά

147 603 177 630 τοι
191 587 251 630 τοῦτο
267 584 359 643 περιττός
373 585 425 638 ἀπας
438 586 491 631 ἐστίν
500 585 563 643 νόμος
574 587 664 641 ἐκείνοις,
680 587 726 632 οιῖτε
736 593 810 643 μαθεῖν
820 587 866 631 υότε

147 654 173 714 μὴ
190 654 280 701 σννιέναι
294 673 313 700 τι
327 659 408 701 τοιοῦτο
423 656 552 715 δυναμένοις
572 663 614 710 τοῖς
628 656 650 703 δέ
664 662 751 715 λογικοῖς
765 662 806 703 πάν
819 655 866 703 τοά-

146 730 239 772 ναυτίαν·
254 728 288 771 καί
302 726 341 786 γάρ
357 730 466 785 διακρίνειν
480 728 503 773 τό
517 729 579 773 καλόν
590 728 629 774 τίπδ
639 734 676 774 τοῦ
685 734 749 774 αακοιῖ
759 729 865 783 δυ’νανται,

146 800 180 844 καί
194 800 273 860 ἐξουσία
288 798 369 858 γνώμης
383 799 405 844 τό
421 803 495 846 δοκοῦν
510 804 623 860 αίροόνται,
643 801 677 861 ίηίε
694 806 735 846 τοῖν
749 800 818 859 νόμων
836 801 866 846 ἐκ·

122 877 203 922 ιοθεσις
218 869 270 927 ἀίγαν
285 871 386 929 ἐπιτηδεία
400 870 478 924 τούτοις
493 873 556 927 ἐστίν,
572 871 605 917 ἀτε
620 872 739 929 δυναμένοις
753 873 829 917 ἐνεῖδον
843 867 866 916 τδ

147 942 210 988 καλόν
229 942 368 989 παιδεύεσθαι.
407 947 492 989 Τοιοιῖτο
512 943 537 1003 δη
556 943 579 989 τὸ
598 941 693 1002 ημίτερον
711 944 768 1003 γένος
788 941 798 990 δ
818 942 867 996 θεὸς

148 1014 293 1073 ἀπειργάσατο,
315 1016 352 1074 τήν
366 1032 387 1060 τε
401 1015 464 1073 φύσιν
478 1015 526 1073 ἡμῖν
541 1018 653 1073 ἐπιτηδείαν
667 1016 718 1071 πρὸς
732 1016 822 1074 μάθησιν
837 1019 867 1061 δε-

148 1087 228 1140 δωιιαῖς,
243 1089 276 1130 καί
290 1087 360 1144 νόμων
374 1087 451 1131 ἐκθέσει
461 1087 610 1131 ποικιλωτάτων
620 1086 642 1130 τό
652 1093 741 1143 κρεῖττον
751 1085 866 1140 ἀποδείξας·

148 1158 195 1204 οὐδὲ
213 1157 253 1216 γάρ
268 1156 377 1203 ἀδίδακτον
392 1158 443 1215 ἐχειν
457 1156 509 1216 ἡμεῖς
523 1162 558 1216 τῆς
572 1157 642 1215 ἀρετῆς
658 1158 755 1216 ἐνεδέχετο
770 1158 807 1217 την
827 1159 867 1212 ἐξιν

123 1229 241 1288 ιελογικοδς
255 1229 362 1288 γεγονότας
376 1229 413 1287 τὴν
428 1229 500 1287 φύσιν,
517 1231 595 1288 ἐπείπερ
611 1230 661 1288 αότη
676 1230 742 1288 σαφὴς
752 1234 837 1288 λογικοῖν
847 1247 867 1275 τε

148 1304 182 1348 καί
196 1301 275 1360 ἀλόγων
289 1301 394 1360 διάκρισις,
415 1306 443 1363 τηῖ
457 1301 481 1346 τά
496 1302 532 1359 μὲν
548 1303 569 1347 ἐν
583 1306 608 1360 τῇ
623 1300 683 1360 φάσει
697 1302 772 1355 παντός
787 1297 867 1355 οάτινος

150 1370 187 1419 οιῖν
206 1376 256 1431 ἐχειν
273 1374 310 1430 τὴν
329 1378 405 1429 είδησιν
422 1374 531 1430 περαιτέρω
548 1372 651 1428 δυνάμενα
665 1373 777 1429 μανθάνειν
796 1374 867 1427 οὐδὲν,

149 1444 197 1499 νοός
216 1444 237 1490 δέ
255 1449 291 1491 τοῦ
311 1444 385 1503 χρόνον
400 1443 506 1502 προϊόντος
520 1443 544 1490 τά
558 1446 640 1490 πλείονα
649 1444 768 1502 Ιμανθάνειν
787 1439 816 1491 ἀν
830 1444 869 1491 οάκ

151 1517 257 1575 ἠπίσταντο
272 1516 375 1575 πρότερον.
407 1516 486 1561 Τούτου
506 1518 571 1561 ἕνεκεν
590 1516 680 1574 θνητοός
697 1517 733 1574 μέν
753 1516 804 1575 ἡμεῖς
818 1514 868 1561 κατά

124 1589 186 1637 εοτδν
201 1588 292 1647 παρόντα
306 1589 385 1634 τουτονί
400 1591 493 1645 πεποίηκε
508 1591 561 1647 βίον,
576 1587 652 1645 νόμους
662 1589 683 1633 δέ
694 1589 767 1634 ἐδωκεν
777 1588 868 1641 ίκανοιῖς,

151 1664 178 1713 είς
192 1659 306 1718 ὑπόμνησιν
324 1659 376 1718 ἡμεῖς
395 1660 450 1717 ἀγειν
470 1660 591 1718 βουλόμενος
604 1664 640 1718 τῆς
653 1665 690 1704 τοιῖ
704 1666 767 1705 καλοῦ
782 1661 869 1717 διορθοῖ-

151 1746 209 1789 σεως,
225 1731 252 1785 αῖς
267 1732 293 1778 ἀν
303 1733 370 1789 ἐντελῆ
380 1735 414 1789 τῆς
425 1730 495 1790 ἀρετῆς
506 1732 569 1785 οὕτως
578 1731 615 1789 την
624 1731 714 1790 μάθησιν
723 1735 867 1790 κομισαίμεθα·

152 1806 247 1850 ἐντεῦθεν
261 1804 300 1849 αάν
315 1802 391 1860 πολλάν
405 1820 449 1847 τινα
464 1803 515 1862 πρὸς
527 1803 550 1848 τό
560 1809 626 1861 χεῖρον
637 1804 687 1860 ἐχειν
698 1803 748 1873 ἡμεῖς
757 1804 795 1860 τίγν
805 1803 870 1861 ῥοπὴν

152 1878 266 1934 συμβαίνει,
287 1875 328 1922 ἀλλ’
344 1870 383 1920 οτῖν
396 1893 418 1931 γε
433 1877 516 1932 βεβαίαν
531 1876 562 1920 ἐπὶ
577 1879 612 1932 της
626 1880 691 1932 ψυχῆς
705 1880 741 1921 τοι]
755 1880 819 1921 καλοῦ
833 1875 870 1933 την

125 1953 228 2006 ητεῖδησιν
243 1949 323 2007 ἔχομεν,
345 1949 378 1994 καί
393 1948 446 1993 ἐστιν
461 1946 576 2006 ἀνθρώπων
590 1946 667 2003 οὐδείς,
690 1948 712 2001 ὃς
727 1947 772 2007 οάχί
790 1947 870 2000 πάντας

152 2023 254 2068 ἐπίσταται
272 2020 295 2066 τό
312 2026 401 2079 κρεῖττον
419 2022 438 2064 τί
456 2020 504 2065 ποτέ
523 2021 576 2065 ἐστιν
595 2020 616 2064 ἐν
635 2022 677 2081 βίῳ.
708 2021 766 2066 Οίίτω
780 2021 817 2079 μὲν
832 2015 870 2066 οάν

152 2095 234 2154 ἀσφαλῆ
249 2095 315 2138 τεκαὶ
330 2095 413 2151 βεβαίαν
428 2093 459 2136 ἐπί
473 2097 510 2137 τοῦ
525 2090 625 2151 παρόντος
639 2095 685 2151 βίου
699 2098 733 2151 τῆς
749 2092 819 2151 ἀρετῆς
832 2092 870 2151 τὴν

152 2168 283 2213 διδασκαλίαν
300 2164 348 2223 ἡμῖν
368 2163 482 2222 παρέχεται·
502 2164 569 2222 ἐπειδὴ
589 2164 610 2208 δὲ
631 2163 667 2221 οὐχ
687 2164 751 2223 όῖσπερ
770 2169 828 2223 ίσμεν
846 2164 869 2209 τδ

152 2238 225 2293 καλὸν,
246 2237 298 2283 οίῖτω
312 2238 345 2282 καί
360 2242 425 2280 ποιεῖν
439 2233 488 2280 αότδ
503 2236 576 2296 ῥηιδίως
592 2233 707 2292 δυνάμεθα,
728 2237 785 2296 ἀχρις
795 2236 824 2281 -ἀν
840 2237 871 2281 ἐπὶ

127 2316 186 2371 αιιτης
200 2309 323 2370 θνητότητος
338 2307 469 2366 διαμένωμεν,
491 2306 585 2367 δεότερόν
601 2324 646 2352 τινα
660 2310 705 2366 βίον
718 2308 754 2354 τόν
773 2309 870 2367 μέλλοντα

154 2383 200 2440 ἡμῖν
215 2383 248 2428 διά
262 2387 297 2438 τῆς
311 2379 439 2431 ἀναστάσεως
454 2378 464 2423 δ
479 2378 563 2436 ποιητὴς
577 2378 697 2436 δεδώρηται,
711 2380 762 2424 κατά
772 2381 823 2425 πολι)
833 2386 870 2425 τοτῖ

154 2456 253 2511 παρόντος
263 2453 345 2512 ἀμείνω,
361 2450 466 2497 ἀθάνατόν
480 2468 501 2496 τε
515 2453 548 2496 καὶ
563 2450 633 2508 ἀπαθῆ
648 2452 759 2512 καίπάσης
773 2452 870 2511 ἀμαρτίας

156 2526 312 2584 ἀπηλλαγμένον.
336 2525 405 2570 Ἔστιν
419 2525 488 2569 τοίνυν
504 2521 542 2568 οὐκ
556 2521 701 2580 ἀνακαινισμδς
714 2525 746 2570 καί
762 2524 871 2584 διόρθωσις

156 2598 219 2656 μόνον
235 2603 275 2643 ταῖν
292 2597 398 2655 παρόντων
413 2597 487 2648 ἐκεῖνα,
509 2595 559 2641 ἀλλά
573 2594 611 2653 γάρ
626 2596 659 2640 καί
673 2599 779 2650 τελείωσις·
802 2597 815 2642 ίί
831 2597 870 2655 γάρ

129 2694 147 2723 35
157 2671 244 2715 ἐνταῦθα
259 2669 358 2727 μαθόντες
372 2674 437 2713 ποιεῖν
452 2666 490 2713 οὐκ
500 2666 602 2726 ίσηόομεν,
618 2671 680 2711 ταῦτα
689 2667 733 2713 τότε
742 2667 790 2727 ἡμῖν
801 2668 871 2713 πόνων

157 2741 212 2794 ἐκτός
226 2741 273 2798 μετά
288 2745 362 2799 πολλῆς
376 2740 482 2798 προσέσται
496 2745 531 2799 τῆς
546 2739 661 2798 εόμαρείας,
676 2739 698 2785 τό
713 2758 733 2785 τε
743 2740 871 2800 ἀπηλλάχθαι

204 2897 225 2924 ιτ4
240 2888 293 2930 Spica
306 2880 326 2920 όν
338 2897 381 2925 τινος
392 2876 428 2920 οάν.
454 2895 479 2920 τι.
492 2889 510 2922 V.
523 2884 624 2933 βουλόμενος
635 2887 651 2919 in
664 2887 707 2930 θρῖα.
720 2898 754 2923 non
766 2891 823 2923 ειιελαῐ.
