1773 3073
127 67 149 101 3ss
228 94 229 97 ,
336 67 459 101 ’ΤΗΕΟΒΟΒΙ
471 68 621 103 MOPSVESTENI

128 177 197 232 Δῆλον
211 171 249 231 γάρ
264 170 290 223 άς
305 169 316 214 ὁ
330 172 363 215 ταὶ
378 171 441 230 αὐτῆς
455 178 490 232 τῆς
504 178 569 232 ψυχῆς
583 180 625 226 τοῖς
639 175 706 233 φίλοις
719 175 846 231 παραχωρῶν

129 244 222 290 ἁπάντων
242 260 264 299 γε
282 246 323 286 των
344 241 411 288 όλλων
430 242 494 300 ἡδέως
513 245 627 302 ἐαστησεται
647 246 681 290 ιιαλ
699 242 752 288 πολύ
770 246 847 299 μάλλον

129 313 255 374 συγχωρήσει,
287 311 366 358 Τούτου
381 313 403 358 δέ
418 314 573 372 ἐπιτελουμένου
587 318 658 369 ναιιίας
672 312 847 373 πρόφασιςούδε-

127 390 170 443 μία,
192 384 240 430 οὐδὲ
253 386 309 441 χρεία
323 388 363 429 τῶν
378 385 429 430 τιατά
444 386 504 443 μέρος
519 387 699 444 παραγγελμάτων,
723 384 806 430 πάντων
826 384 847 428 έν

112 456 190 517 στούτηι
205 453 309 511 συντόμως
323 456 499 515 περιειλημμένων.
544 477 545 480 ’

168 527 225 580 XIV,
242 531 259 571 λ.
287 525 398 584 Ἀντὶτοῦ,
414 528 441 587 μὴ
457 527 497 574 άπό
512 532 552 574 τῶν
567 527 676 586 ελρημένων
691 529 718 579 εἰς
733 525 847 583 άπόγνωστν

127 597 243 656 ἐμπεσόντες
256 597 393 658 ταράσσεσθε·
412 603 472 644 τούτο
487 603 567 658 πρῶτον
582 602 616 656 τῆς
630 597 727 657 θεότητος
737 595 801 643 αύτού
811 596 848 656 τὴν

127 671 213 728 δύναμιν
231 670 392 730 ἐνδατούμενος,
414 671 445 717 ότι
462 671 475 717 ά
494 671 544 717 τατά
565 671 632 730 ψυχὴν
647 669 702 729 εἶχον
715 674 779 716 ταῦτα
793 668 848 716 οἶδεν

127 747 154 795 εἷς
168 743 229 799 μέσον
244 741 327 800 ἀγαγεῖν
341 744 375 788 ναὶ
390 741 488 788 ἐπιτάττει
502 742 529 801 μὴ
545 741 684 800 ταράττεσθαι.

102 828 119 856 ιι
170 815 227 866 ΧΝ,
244 820 262 860 9.
290 814 327 867 Ὡς
341 814 368 860 άν
383 813 472 873 αύτύραη
487 813 521 859 διόι
535 818 576 859 τούυ
589 816 667 859 οένείων
677 812 771 872 ῥημάτιον
781 807 846 868 ὦνπερ

127 887 192 943 ἐλεγεν
211 885 221 931 ό
240 885 311 944 αύριος
328 886 379 944 πρὸς
397 885 472 938 αὐτούς
491 884 643 942 παρασχόμενος
657 889 685 946 τῷ
702 886 794 945 Φιλίππῳ
808 883 846 942 την

125 956 238 1010 ἀπόδειξιν,
259 958 320 1015 φησι
342 961 440 1002 τοσοῦτον
461 956 536 1014 χρόνον
554 954 602 1013 μεθ’
621 953 679 1013 ὑμῶν
698 958 738 1013 εἰμι
756 956 789 1000 ααλ
809 954 847 1000 ούιι

127 1029 214 1086 ἐγνωιιάς
228 1047 252 1087 με
269 1031 365 1081 Φίλιππε;
389 1028 447 1073 Ούτω
462 1030 534 1086 φησὶν,
554 1026 602 1072 ούδέ
617 1025 628 1073 ὁ
642 1025 799 1085 χρόνος-λυαυός
816 1026 848 1084 γέ-

126 1101 185 1158 γονέν
200 1101 233 1160 ἐμέ
247 1118 268 1146 τε
283 1099 362 1154 διδάξαι
376 1100 410 1144 ναὶ
424 1099 461 1144 τόν
474 1099 561 1157 πατέρα,
578 1097 605 1151 τός
620 1101 700 1144 οἴεσθαί
714 1111 735 1143 σε
750 1099 784 1144 ναλ
798 1101 848 1144 ἰδεῖν

102 1172 189 1218 ιῡαύτόν
210 1173 322 1224 δύνασθαι,’
343 1172 408 1228 Εἴπερ
428 1170 483 1229 γ’γ’δεις
500 1181 535 1227 με,
554 1169 658 1228 άμφότερα
677 1169 702 1215 άν
717 1169 847 1227 προσεγένετο

127 1243 171 1288 τότε
186 1245 259 1289 εἰδέναι
273 1242 310 1287 τόν
324 1241 400 1301 πατέρα
415 1241 439 1287 δι’
451 1243 500 1300 ἐμοῦ
514 1243 548 1286 ναὶ
562 1242 584 1286 τό
599 1240 626 1299 μὴ
641 1243 729 1299 νομίζειν
744 1240 847 1287 δύνασθαι

127 1322 168 1367 τοῖς
183 1315 297 1373 ὀφθαλμοῖς
312 1313 375 1358 αὐτόν
390 1316 439 1359 ἰδεῖν
453 1317 488 1371 τῆς
503 1312 582 1371 σαριιός.

169 1386 226 1444 Καλὴ
242 1386 263 1430 δὲ
277 1385 310 1430 τιαλ
324 1382 454 1442 ἡύπαγωγη,
469 1388 511 1436 πῶς
526 1382 551 1428 σύ
566 1383 676 1440 λέγειςδύο
691 1395 724 1428 σοι
738 1385 795 1437 δείξω
809 1383 847 1429 τόν
883 1426 885 1433 ,

128 1457 212 1517 πατέρα,
235 1459 252 1502 εἰ
269 1455 295 1514 μὴ
314 1454 394 1508 πάντας
409 1454 489 1513 άγνοτδυ
504 1455 547 1513 έμε,
570 1454 619 1500 ὥστε
635 1453 712 1513 άληθός
727 1454 738 1500 ό
753 1472 847 1516 προειργ-

103 1529 188 1586 λλμένος
202 1528 271 1586 λόγος,
287 1527 318 1572 ὅτι
332 1527 378 1572 ούτε
393 1527 426 1585 ἐμὲ
442 1530 518 1580 οἴδατε,
535 1526 580 1571 ούτε
594 1526 630 1572 τόν
645 1527 730 1586 πατέρα·
745 1531 800 1586 εἴπερ
813 1527 847 1585 ἐμὲ

129 1600 202 1658 ᾔδειτε,
218 1598 311 1660 νρλαεῖνον
325 1597 390 1657 η’άδειτε
405 1597 430 1643 άν
444 1602 479 1656 τῆς
494 1596 610 1656 ὁμοιότητος
625 1597 712 1657 άτριβοδς
731 1601 807 1646 ἐκεῖνον
825 1600 847 1645 έν

130 1672 171 1728 ἐμω
186 1668 328 1728 γνωράούσης

171 1743 229 1796 XIV,
246 1746 277 1787 λδ,
310 1740 337 1786 Τό
355 1743 401 1786 ἴσον
418 1746 452 1799 της
473 1739 607 1801 άντιστροφῆς
622 1742 708 1800 ἐδήλωσε
722 1742 807 1800 μάλιστα
822 1744 845 1789 τό

130 1818 164 1871 τῆς
179 1812 295 1870 ὁμοιότητος
309 1812 398 1871 άιιριβές,
420 1810 446 1865 τός
466 1811 530 1857 αύτού
547 1831 568 1857 τε
588 1814 646 1866 όντος
662 1816 683 1859 ἐν
697 1819 725 1876 τῷ
739 1817 799 1879 πατρὶ
813 1818 846 1860 ααλ

104 1888 166 1928 ειτού
184 1882 259 1941 πατρὸς
278 1884 300 1929 ἐν
320 1882 385 1945 αύτῷ,
407 1888 442 1942 της
461 1883 578 1942 ὁμοιότητος
597 1884 690 1944 ένάτερον
708 1887 729 1931 ἐν
743 1890 771 1947 τῷ
786 1887 845 1948 ἑτέρῳ

130 1959 232 2001 δεικνύναι
245 1955 362 2012 δυναμένης.
383 1953 435 2000 Εἶτα
449 1957 483 2000 οιαὶ
497 1955 601 2010 άπόδειξιν
614 1961 655 2002 τῶν
669 1958 782 2016 λεγομένοιν
796 1975 847 2017 παρ-

129 2027 203 2086 έχεται
224 2025 249 2072 τά
268 2025 346 2086 ῥήματα
364 2024 433 2085 δ’ἐγού
454 2032 507 2073 λαλοδ
525 2026 573 2086 ύμῖν
593 2027 626 2074 ἄπ’
641 2030 729 2087 ε’μαυτού
745 2029 769 2076 ού
786 2035 845 2078 λαλῶ.

129 2103 155 2144 Εἰ
169 2100 191 2144 δὲ
205 2098 293 2152 άπιστελς
306 2099 395 2155 τούτοις,
411 2101 480 2158 φησὶν,
499 2099 604 2158 γινώσκετε
618 2102 719 2161 τοσαύτην
734 2099 798 2149 ούσαυ
811 2109 847 2162 τῆς

129 2171 209 2229 φύσεως
223 2172 256 2217 ιιαί
269 2175 304 2228 τῆς
318 2169 398 2228 γνώμης
412 2172 445 2216 ταὶ
459 2176 494 2229 τῆς
509 2171 614 2230 δυνάμεως
628 2174 665 2233 τὴν
680 2174 803 2235 συνάφειαν,
820 2175 847 2228 ὡς

103 2244 177 2302 θϋμηδέ
192 2243 240 2296 τούς
255 2241 328 2300 λόγους
341 2245 470 2301 τεχωρέσθαι,
493 2243 537 2289 ἀλλ’
558 2245 632 2306 ὅσαπερ
651 2247 768 2305 φθέγγομαι
787 2248 846 2294 ποινά

129 2313 180 2359 εἶναι
193 2315 218 2359 τά
232 2313 311 2373 ῥήματα
321 2315 354 2359 ααλ
365 2313 402 2359 ούτι
412 2316 462 2371 ἐμοῦ
471 2314 536 2372 μόνον
546 2321 583 2361 τοῦ
593 2318 720 2375 φθέγγεσθαι
730 2322 845 2372 δονοῦντος,

170 2386 228 2438 XIV,
245 2391 269 2430 15
285 2403 301 2430 s.
330 2383 391 2442 ’Τμοῖς
409 2388 446 2442 μέν
466 2399 526 2444 φησι,
549 2391 610 2433 αἰτεῖν
630 2389 724 2446 προσήκει
748 2390 846 2449 πρότερον

130 2453 248 2509 άγαπιδντας
261 2457 294 2501 ναὶ
307 2456 344 2515 την
359 2455 439 2514 άγάπηυ
449 2457 565 2511 δειανύντας
574 2464 599 2518 τῇ
608 2458 689 2518 τηρήσει
699 2465 739 2505 τῶν
750 2463 845 2518 ἐντολῶν,

130 2526 182 2571 οὕτω
197 2527 217 2571 δέ
232 2528 362 2585 διακειμένοις
376 2529 454 2587 παρέξω
468 2534 505 2574 τού
519 2530 633 2588 πνεύματος
649 2530 686 2589 την
705 2532 773 2591 χάριν,
797 2534 845 2579 δι’στε

101 2608 120 2639 ³5
130 2597 180 2656 ἐχειν
199 2596 250 2656 ύμάς
269 2598 318 2646 αύτό
336 2604 430 2659 διηνειιως
446 2601 475 2648 άελ
490 2603 553 2649 συνόν
568 2604 600 2648 ααλ
614 2602 651 2662 τὴν
666 2603 764 2663 άληθειαν
778 2608 844 2653 ἐαπαι-

129 2668 190 2714 δεύον
204 2668 266 2727 ύμολς,
289 2671 323 2730 ἀφ’
344 2668 369 2718 οὗ
383 2673 464 2719 πάντων
478 2675 570 2731 μεθέξετε
584 2680 624 2719 των
638 2680 710 2722 ιιαλολν.
735 2679 809 2724 ’Ἁλλου
824 2680 845 2724 δέ

173 2779 188 2806 ο.
201 2773 249 2808 Cord.
263 2777 294 2807 cat.
306 2785 322 2817 μ.
333 2776 370 2809 353.
402 2785 427 2811 ιο.
439 2779 488 2812 Gord.
501 2783 532 2812 cat.
545 2789 560 2820 ρ.
574 2778 611 2812 358.
636 2788 661 2814 τε,
674 2782 723 2818 cord.
736 2787 767 2817 οαλ.
780 2795 797 2826 p.
808 2785 845 2817 359.

95 2836 98 2841 “
129 2840 154 2866 νε.
168 2833 217 2866 Cord.
232 2836 263 2868 ταί,
275 2843 291 2874 p.
303 2835 339 2868 δύο.
365 2836 574 2880 ιε.Γ,οι·ι1,οτ1,μ.3θθ.
604 2840 794 2883 τοῦτοεμεθέξετοιι.
