1723 3073
270 121 291 154 tn
304 119 446 156 avtNGEttUttt
459 119 534 154 LUCAE.
744 114 764 150 15

43 223 91 275 θεός
105 220 131 282 ήν
146 222 159 282 ή
174 224 274 281 ἐπείραζεν
289 223 300 266 ό
316 224 411 281 δινίβολος
427 222 440 282 ή
455 224 576 284 ἐπειρόζετο
597 228 658 268 τοῦτο
672 221 711 281 γὰρ
727 220 765 265 οὐκ

41 292 67 355 ήν
81 299 228 355 πειρασθῆναι,
247 293 297 340 ἀλλά
316 294 417 353 ἀπατῆσαι
430 300 511 353 parton.
539 295 599 343 Ἀλλά
616 299 670 348 πῶς,
693 294 763 352 φησὶν,

43 371 69 420 είς
88 368 110 410 τό
129 367 238 424 πτερύγιον
256 371 293 409 τοι]
313 370 368 425 ἱεροῦ
388 366 423 410 τόν
440 368 512 424 νόριον
527 368 628 426 ἀνήγαγεν
643 366 654 412 ὁ
669 364 764 422 διάβολος

43 439 92 482 όντα
108 438 129 481 ἐν
143 441 168 495 τῇ
183 436 260 499 ἐρήμῳι
276 436 336 481 Διότι
351 436 388 481 οὐν
403 437 431 482 ἐπ’
447 438 549 493 ἀπολείψει
563 444 598 497 τής
613 437 689 497 ἐρήμου
704 440 731 488 είς
741 435 764 481 τό

43 508 150 565 πτερύγιον
169 507 263 566 ἀνήγετο,
287 508 336 553 ὅθεν
355 513 383 569 τῷ
398 510 420 553 ἐν
436 509 495 570 ὀλίγῳΙ
510 510 660 567 ἀπολειφθῆναι
674 511 707 554 ναί
726 508 764 553 οὐκ
783 519 791 544 5

44 582 65 626 ἐν
84 583 152 642 πολλῷ
168 581 201 630 παὶ
216 579 249 633 είς
268 580 329 626 ἐπείσε
347 579 408 625 πόλιν
427 581 611 640 ἐπανελευσόμενος.
642 581 672 627 Or}
686 580 763 639 λέγεται

43 652 82 709 γὰρ
97 653 238 709 ἐξεληλυθέναι
253 653 274 696 ἐν
287 657 322 710 τής
338 651 420 710 ἐρήμου.
444 653 521 710 Ὥσπερ
540 653 578 710 γάρ
595 672 625 705 τις
643 655 664 698 ἐν
678 651 764 708 πόλειή
789 674 809 703 χ

45 725 97 784 οίπίμ
111 721 227 782 γενόμενος,
249 722 297 776 όσας
315 722 341 769 ἀν
358 721 433 782 ἡμέρας
449 723 462 782 ή
477 728 541 782 μήνιος
555 724 568 783 ip*
583 724 688 777 ἐνιαυτοὺς
703 725 724 769 ἐν
738 727 763 782 cp}

46 797 97 855 οίνίγ
111 794 163 853 ήτή
178 794 234 840 πόλει
250 790 272 854 ᾖ,
289 796 350 840 ἐκεῖσε
364 795 440 852 λε’γεται
455 800 549 852 ποιήσαι,
566 795 605 841 ιιάν
620 798 655 850 ἔξω
670 796 717 840 ποτὲ
731 795 763 851 γε’-

46 883 103 923 νιμαι
119 865 157 910 oria
172 864 201 909 ἐπ’
217 865 320 919 ἀπολείψει
335 868 399 926 τελεία
413 871 448 924 τής
462 866 538 919 πόλεως
552 867 565 925 ή
579 872 613 925 τής
623 871 693 918 otniae,
710 866 763 911 οὕτω
773 878 791 906 it

45 939 78 982 καί
93 935 104 982 ὁ
120 937 206 994 Χριστός
221 936 316 994 ἀναχθείς
330 940 358 990 είς
372 937 409 995 τήν
425 938 499 995 ἔρημον
513 943 657 995 πειρασθῆναι,
674 937 712 982 adn
728 938 764 991 ἔξω

45 1013 80 1065 τής
95 1008 170 1065 ἐρήμου
184 1008 327 1066 πειραζόμενος
342 1009 419 1064 ἐγένετο
435 1008 472 1053 orit
482 1008 513 1052 ἐπ’
524 1008 626 1061 ἀπολείψει
635 1013 669 1066 τής
681 1008 765 1065 ἐρήμου,

47 1080 127 1132 εἰκότος
147 1080 168 1125 ἐν
187 1084 211 1138 τῇ
230 1078 296 1140 ἐρήμῳ
316 1079 393 1138 λίγειαι
411 1079 463 1126 εἶναι
481 1081 513 1125 ναί
529 1079 677 1138 τεσσαράαοντα
691 1077 767 1137 ἡμέρας

47 1153 125 1209 ἐποίησε
145 1150 172 1208 μή
191 1151 315 1208 ἐξεληλυθός
331 1156 366 1210 cipp
381 1151 461 1210 ἐρήμου.
494 1151 521 1197 Τό
537 1153 571 1197 δὲ·
592 1149 766 1208 contemnentem

46 1222 119 1282 νόριον
139 1221 175 1267 τόν
192 1221 242 1267 θεόν
258 1234 304 1275 σου,
326 1222 350 1268 or}
365 1223 415 1281 λέγει
430 1223 461 1268 ότι
475 1224 517 1281 ε’με,
539 1227 555 1269 εί
569 1224 601 1268 ναί
616 1222 664 1276 θεός
684 1218 720 1280 ήν,
742 1222 793 1268 οόὶ5

46 1296 85 1352 γὰρ
100 1294 127 1347 ἀς
141 1294 191 1341 θεόν
206 1295 306 1351 ἐπείραζεν
321 1294 332 1339 ὁ
347 1294 451 1353 διάβολος,
468 1294 515 1340 οὐδὲ
530 1294 557 1347 ἀς
567 1294 615 1346 θεός
625 1294 768 1353 πειραζόμενος

48 1366 177 1424 ἀπεκρίνατο,
196 1364 244 1411 ἀλλ’
265 1364 291 1418 ἀς
311 1366 421 1426 ἀνθρωπος
436 1366 518 1424 ἀληθείς
532 1365 674 1425 πειραζόμενος
688 1366 713 1411 τό
728 1371 768 1411 τῶν

48 1438 163 1496 ἀνθρώπων
184 1438 315 1495 ἀπεκρίνατο,
337 1439 360 1483 τό
378 1438 404 1496 μή
424 1440 538 1495 ἐππειράσαι
557 1438 592 1482 τόν
607 1438 663 1483 θεόν,
690 1437 715 1482 Ὃ
729 1439 768 1497 γάρ

49 1510 169 1568 ἐππειράζιον
183 1508 219 1553 τόν
233 1508 283 1553 θεὸν
299 1512 391 1566 μαίνεται
406 1508 432 1566 μή
447 1508 547 1553 πιστεύειν
562 1508 626 1569 αὐτῷ,
642 1508 693 1553 ἀλλά
707 1509 769 1566 τυχόν

94 1641 108 1666 ε.
123 1632 172 1667 Maiis
190 1641 221 1673 pro
236 1629 323 1675 ἀπαιήοαι
339 1633 390 1665 scribi
404 1629 531 1676 ἀπατηθῆναι
543 1633 559 1665 h.
572 1641 585 1665 s.
598 1632 630 1664 hoc
643 1632 687 1664 enim
701 1630 723 1673 (si
735 1632 770 1664 dia-

50 1694 98 1726 boIns
110 1694 148 1726 lesu
157 1694 192 1725 Iteo
204 1693 259 1726 risnm
272 1694 333 1725 montis
346 1691 454 1738 ostendisset)
466 1702 499 1725 oon
511 1693 571 1726 fuisset
582 1692 651 1733 tentari,
664 1692 697 1724 imo
710 1691 770 1733 decipi.

42 1751 82 1786 'Sed
94 1747 180 1796 ἀπατῆσαι
192 1753 234 1785 hene
247 1753 307 1794 tebet,
327 1753 341 1785 si
354 1762 368 1785 r.
381 1752 431 1786 τοῦτο
442 1750 475 1795 γάρ
487 1764 500 1785 α.
514 1764 527 1785 τ.
540 1754 553 1787 λ,
571 1753 591 1785 ad
603 1752 659 1785 statim
672 1760 770 1793 praegressa

49 1813 114 1846 refers:
132 1812 209 1845 diabolus
226 1814 264 1845 iesn
283 1813 338 1845 visum
356 1813 418 1845 montis
437 1813 518 1855 ostendit,
537 1810 579 1856 (fieri
592 1813 623 1844 iroc
636 1810 697 1853 potuit)
715 1820 771 1853 neque

51 1873 97 1905 enim
110 1873 153 1905 Deos
166 1875 238 1905 tentatos
251 1876 282 1905 cst.
305 1873 347 1907 Nam
359 1873 388 1904 λον
396 1870 459 1914 (Deum
469 1872 537 1914 tentari]
549 1881 584 1904 non
596 1871 656 1903 tentari
666 1870 730 1909 suisset,
742 1871 771 1903 sed

51 1933 129 1974 decipere
142 1930 161 1977 (si
170 1931 214 1963 Dens
227 1935 299 1965 tentatus
308 1937 357 1970 esset.
370 1942 403 1965 non
416 1936 489 1965 tentatos
502 1932 566 1973 fuisset,
578 1932 606 1963 sed
616 1931 652 1973 ipse
662 1929 771 1972 decepisset).

50 1992 108 2034 Itaque
121 2003 135 2026 r.
148 1989 168 2025 οὐ
181 1990 214 2033 γὰρ
226 2002 240 2026 ιι,
253 2003 267 2023 τ.
279 1987 292 2023 ἑ,
306 1992 382 2024 muninot
395 2001 502 2033 praegressa,
517 1995 533 2024 et
545 1991 587 2023 traco
599 1991 635 2032 ipsa
647 2000 664 2023 v.
675 1988 727 2022 τοῦτο
739 1988 771 2032 γὰρ

50 2062 64 2085 ιι.
76 2064 89 2084 τ.
102 2053 116 2085 λ,
129 2053 231 2086 muniuntur.
261 2060 275 2085 t.
287 2052 308 2084 ef.
321 2053 361 2086 Luc.
373 2052 392 2090 lt.
404 2052 419 2085 (λ,
432 2054 448 2086 2.
477 2061 491 2084 7.
508 2037 560 2085 itidm.
577 2062 594 2083 ειι
610 2062 640 2094 της
656 2051 770 2092 Αιγυπτον.

52 2112 93 2144 Cum
105 2113 158 2146 inulta
169 2122 185 2146 r.
198 2113 213 2145 ri.
228 2117 261 2145 tum
274 2113 306 2145 hoc
318 2113 405 2155 peccavit,
417 2098 461 2155 qnod
474 2113 524 2145 etiam
537 2122 552 2145 v.
565 2108 642 2144 διότι-
652 2129 671 2134 —
685 2106 772 2142 ἐπανελευ-

51 2161 121 2213 σόμενος
136 2172 201 2205 Irriiano
220 2172 288 2214 tribuit,
307 2173 456 2215 interrogationem
473 2172 493 2205 iis
511 2172 594 2205 contineri
606 2172 689 2219 opinans.
712 2165 772 2213 Αίγύ-

51 2243 102 2266 πτον
119 2241 178 2265 errore
196 2237 253 2266 natum
270 2242 308 2266 esso
325 2237 412 2267 contentus
427 2235 467 2267 sotis
483 2234 541 2271 docet.
561 2238 578 2267 ot
596 2235 655 2267 sileam
667 2233 694 2266 iila
707 2231 772 2264 ratione

51 2292 137 2325 'dheodori
155 2293 319 2334 argumentationem
337 2302 395 2326 errore
413 2295 453 2333 niti,
471 2295 500 2336 qni
518 2295 560 2327 houd
579 2295 630 2328 [inhio
642 2296 662 2328 ab
675 2304 695 2327 eo
707 2294 772 2329 alienos

52 2355 93 2383 erat.
122 2353 155 2384 Pro
173 2350 207 2395 Αἰγ.
224 2353 332 2385 scribendum
349 2362 386 2386 esse
402 2349 464 2398 ἐρήμου
481 2353 514 2387 iam
527 2354 589 2390 dudum
602 2355 680 2390 viderunt
692 2366 773 2393 censores

52 2410 76 2442 iili
93 2408 177 2448 ttidpteri,
194 2413 287 2454 Lipsiensis
304 2410 378 2457 (ito'deri.
392 2414 402 2445 Ι.
415 2414 425 2447 l.
438 2425 453 2456 p,
465 2413 512 2457 d9lt.)
525 2418 541 2448 ei
555 2415 628 2457 Gotting.
646 2415 728 2459 (Gdtiing.
741 2419 773 2460 gei.

52 2467 92 2501 Αοτ.
106 2470 116 2502 i.
128 2471 139 2504 i.
154 2479 168 2511 p
182 2471 244 2513 1246.)Ι
275 2479 289 2504 ο.
307 2473 326 2506 V.
343 2463 354 2516 ή
368 2473 465 2506 coniectum
478 2475 548 2507 restitui.
579 2482 605 2505 to.
621 2473 651 2506 nni
662 2476 706 2518 apud
718 2476 773 2511 Μῆλον.

53 2528 105 2562 deest.
128 2532 206 2563 Fortasse
224 2542 254 2573 pro
271 2527 337 2574 ἐποίησε
352 2533 461 2566 scribendum
477 2533 552 2576 ποιήσαι.
582 2541 606 2566 ιε.
624 2535 645 2568 ei.
662 2537 703 2571 Luc.
715 2537 734 2575 lt,
747 2539 774 2570 te.

54 2594 79 2621 ιο.
91 2590 135 2622 Fert.
148 2590 198 2622 scrib.
211 2587 254 2624 θεὸν
266 2586 332 2623 αὐτὸν
345 2588 443 2634 ἐπείρασεν,
475 2601 499 2625 rr.
516 2594 592 2626 Sorores.
605 2594 684 2629 Arriiocir.
698 2597 735 2630 adr.
747 2599 774 2630 irr-

52 2647 115 2680 iionum
127 2649 213 2686 Halicore.
227 2647 312 2695 [Spioileg.
325 2651 372 2683 Rom.
384 2651 400 2684 X
417 2661 432 2694 p.
447 2650 501 2694 titt:
520 2653 602 2696 „Cyrtiins
614 2654 723 2689 Theodorum
737 2657 773 2699 [sed

53 2707 124 2742 sortasse
140 2709 190 2742 scrib.
209 2709 311 2753 Diodorum)
324 2711 403 2755 castigat,
421 2714 449 2754 qui
462 2712 526 2746 dixerat
539 2714 632 2747 sanctitatis
644 2717 745 2759 virtutisque
757 2718 774 2750 in

54 2768 121 2801 Christo
133 2768 226 2811 detectum,
240 2779 273 2812 qno
287 2773 362 2812 tempore
375 2771 395 2802 ab
408 2772 476 2804 inimico
489 2776 562 2805 tentatus
574 2773 613 2812 tuit,
626 2777 774 2817 asupcrrenionie

54 2827 71 2858 in
84 2836 122 2860 eum
134 2828 165 2861 snb
178 2828 266 2862 columbae
279 2831 335 2872 specie
347 2830 410 2872 Spiritu
422 2831 497 2865 ciuisse
509 2834 621 2875 suppletum«
643 2836 689 2868 Haec
697 2836 711 2867 si
719 2837 774 2869 Tinco-

55 2886 91 2919 dori
104 2888 165 2921 inisset
177 2889 259 2921 sententia
272 2898 310 2921 cnm
319 2890 339 2922 iis
352 2897 394 2931 qnae
406 2891 543 2934 supradisputai
555 2893 643 2926 conciliari
654 2904 703 2936 aegre
713 2899 773 2936 posset.
803 2914 804 2917 =
