1773 3073
117 48 139 85 60
334 48 444 82 Tuuouout
453 48 610 83 utotsvusuuut

118 156 165 203 οὐδὲ
180 156 220 200 ἐστι’
233 171 261 206 τις
276 151 322 210 ἡμῖν
336 156 432 198 κοινωνία
446 158 492 212 βίον
502 155 553 213 πρός
563 154 627 201 αὐτόν
636 159 673 200 τοῦ
686 158 767 199 λοιποῦι
783 153 832 200 άνα-

117 226 250 277 καινισθέυτες
268 224 307 283 γάρ
326 228 350 283 τῇ
369 222 453 282 δυνάμει
471 230 508 270 τοῦ
520 226 641 285 Υπνεύματος
658 227 691 272 καί
713 226 776 286 ἕτεροι
797 226 834 284 μὲν

118 298 163 346 οίνθ’
178 297 248 355 ἐτέρων
261 296 373 354 γεγονότες,
389 297 519 354 μεταστάντες
534 299 555 344 δὲ
570 302 598 352 είς
610 295 718 358 ἄφθαρτον
726 297 781 357 ’ζωὴν
791 297 831 344 ιἰπό

117 375 153 416 που
166 367 265 427 παρόντος
280 372 336 427 βίον,
357 368 454 427 οὐδεμίαν
468 368 617 429 ἁμαρτημάτων
638 372 740 429 ἐνόχλησιν
759 368 835 428 κίπομέ-

103 460 182 501 ενομευ.
212 439 294 486 Οιίκοόν
312 441 360 487 οὐδὲ
377 441 446 501 νόμων
461 443 550 500 δεόμεθα
564 446 598 489 καί
611 442 734 501 γραμμάτων
747 447 788 487 τῶν
803 446 833 488 δι·
885 456 887 458 ’

117 512 232 559 δασκόντων
250 511 302 571 ἡμᾶς
321 518 358 559 τοῦ
376 519 441 560 κακοῦ
457 514 494 573 τὴν
515 513 603 573 οίποχήν
624 513 740 572 ταῦταγίιρ
754 519 797 566 τοῖς
811 514 833 558 ἐν

116 589 140 645 τη
153 588 190 631 τοῦ
205 587 251 643 βίον
264 586 339 631 τούτου
353 586 471 644 παλαιότητι
484 590 598 632 καθεστῶσι
611 585 698 645 χρήσιμα
711 585 763 631 εἶναι
773 584 836 631 δόνα-

82 659 84 667 ”
116 675 157 713 ται,
172 655 197 702 οὐ
212 662 254 710 τοῖς
269 655 309 705 ὑπό
324 662 361 704 τοῦ
376 658 489 716 πνεύματος
504 657 665 705 αἰνακαινισθείσι
678 659 711 704 καί
730 657 836 716 γεγονόσιν

117 728 242 788 ἁφθάρτοις,
265 729 383 789 οἷς,.νόμων
402 730 469 777 οὐκέτι
486 734 541 791 χρεία
559 731 592 777 διά
610 730 633 777 τὸ
647 731 698 790 μηδὲ
712 728 835 790 ἁμαρτάνειν

92 802 253 861 ιοέπιδέηεσθαυ
276 802 329 848 οὕτω
351 806 453 861 κρείττονα
474 805 499 850 τά
517 802 602 862 ἡμέτερα
622 805 702 850 ἐκείνων
722 804 779 863 φησί,
802 805 836 848 καί

117 878 184 936 πολλῷ
198 877 279 932 μείζονα
292 874 318 920 τά
332 875 388 923 κατά,
397 875 485 934 Χριστόν
499 875 598 934 αίφέλειαν
613 876 683 934 ἐγοντα
696 879 737 921 των
747 873 787 921 ὑπό
797 873 835 920 τόν

117 946 182 1005 νόμον
196 947 398 1005 παιδαγωγονμένων.

160 1021 206 1074 vti,
217 1025 236 1064 7.
256 1018 382 1077 Αίσθόμενος
393 1018 433 1065 άπό
442 1037 463 1065 κε
472 1024 519 1064 τοῦ·
529 1020 553 1065 τά
564 1019 675 1078 παθήματα
684 1023 725 1065 τῶν
734 1017 838 1079 ἁμαρτιῶν

118 1090 142 1136 τά
156 1090 189 1136 διαί
203 1094 240 1134 τοῦ
252 1090 328 1147 νόμον,
343 1093 376 1136 καί
389 1091 429 1136 οίπδ
439 1096 486 1136 τοῦ·
501 1090 563 1148 νόμος
574 1092 595 1136 δέ
605 1096 739 1150 παρεισῆλθεν
749 1095 783 1136 ἵνα
792 1095 839 1136 πίε-

93 1161 182 1223 ιεονάση
196 1161 219 1207 τό
234 1161 368 1222 παράπτωμα,
384 1165 417 1208 καί
431 1163 503 1220 ἐτέρων
517 1163 616 1210 πλειόνων
630 1158 660 1210 ὧν
674 1164 696 1210 ἐν
710 1169 752 1216 τοῖς
766 1162 837 1209 irrut-

119 1253 163 1294 ροις
177 1232 258 1294 εἰρηκει,
273 1234 370 1294 διαβολὴν
385 1234 430 1281 τινὰ
446 1235 624 1298 ἐπιφυομένηντηί
634 1234 727 1299 νόμιμός
739 1238 838 1299 παραιτίηι

120 1310 153 1352 καί
174 1311 269 1367 ποιητικῷ
288 1311 328 1351 τῶν
347 1306 503 1365 ἁμαρτημάτων,
525 1308 616 1365 τρέπεται
634 1309 671 1365 μὲν
690 1309 721 1352 ἐπί
740 1308 776 1353 τόν
793 1309 839 1366 περί

120 1378 198 1426 τούτων
218 1376 285 1436 λόγον,
309 1378 401 1437 ’Ἅρχεται
422 1380 443 1425 δέ
461 1382 496 1437 τῆς
514 1378 635 1432 άντιθέσεως
654 1380 707 1425 οὕτω
727 1380 798 1438 λέγων’
819 1384 839 1424 τί

122 1447 159 1498 οὗν
175 1452 271 1510 ἐροῦμεν;
287 1449 298 1495 ό
312 1451 374 1509 νόμος
389 1450 484 1510 ἁμαρτία,Ι
497 1451 546 1497 ’Ait’
562 1451 603 1510 ίίρα
617 1453 675 1510 (μησί,
690 1451 717 1510 μὴ
728 1456 788 1510 τοῦτο
798 1451 839 1497 οίπδ

96 1528 162 1571 ιοτῶν
176 1522 276 1608 ἡμετέρων
291 1526 390 1569 δείκνυται
404 1522 507 1583 ῥημάτων,
523 1523 554 1569 ότι
568 1524 592 1582 δὴ
605 1529 682 1581 φαῦλος
692 1526 725 1570 καί
736 1524 839 1611 ποιητικός

123 1594 221 1653 ἁμαρτίας
235 1593 246 1639 ὁ
260 1597 333 1652 νόμος,
349 1595 375 1653 μὴ
390 1596 477 1652 γίνοιτο·
493 1594 543 1640 itti
557 1613 594 1653 την
609 1592 741 1654 ἁμαρτιαν’
718 1614 755 1642 ουκ
766 1597 839 1654 ἐγνων,

124 1671 141 1713 εί
159 1686 186 1743 μη
206 1666 239 1712 διά
255 1666 326 1725 νόμον,
358 1666 482 1713 Τοόυαντίον
498 1666 568 1713 0136'u
555 1685 581 1713 αν
596 1667 659 1725 ἔγνων
673 1685 710 1755 την
729 1666 839 1728 ἁμαρτίαν,

124 1740 148 1786 δι’
169 1735 192 1799 ἧς
212 1740 307 1785 ἐκκλίνειν
324 1739 418 1798 προσηκει
436 1757 474 1797 την
490 1742 572 1798 πράξω
595 1743 611 1786 εί
628 1759 654 1798 μη
669 1740 731 1798 νόμος
749 1744 775 1799 ην
790 1740 801 1786 ό
815 1758 839 1800 τη

69 1857 80 1879 r
125 1814 221 1872 διακρίσει
236 1815 273 1858 τοῦ
287 1830 316 1858 τε-
321 1816 384 1857 καίού
398 1813 482 1858 κοίτου
496 1814 585 1870 χείρονος
602 1811 734 1858 παιδεύων’
722 1816 776 1871 ημάς
794 1812 806 1857 ίί
820 1831 841 1858 τε

100 1890 190 1935 ιιποιείυ
204 1885 237 1929 καί
250 1878 279 1929 riu
293 1883 401 1949 ἀπέχεσθαι
415 1887 461 1939 δεῖ,
477 1883 526 1929 ὥστε
546 1882 556 1929 δ
574 1883 636 1940 νόμος
649 1883 698 1942 ἡμῖν
714 1890 751 1930 τοι]
768 1887 839 1941 μίσους

125 1961 160 2017 της
169 1955 266 2015 ἁμαρτίας
279 1955 355 2013 ἐγίνετο
370 1958 440 2012 utitor,
456 1954 478 2007 ὃς
492 1953 593 2010 ὑπέδειξέν
602 1975 623 2001 τε
633 1955 697 2015 αὐτην
706 1957 739 2001 καί
752 1955 842 2015 άποφεό-
863 2010 864 2013 ¹

124 2048 168 2088 γειν
182 2027 299 2086 προσέταξε
314 2029 347 2073 καί
362 2027 484 2086 σαφέστερον
499 2030 563 2073 ποιόν
577 2028 599 2073 τό
614 2029 718 2086 εἰρημένον
733 2028 840 2087 ἐπήγαγεν

125 2102 162 2160 τη’ν
177 2119 198 2147 τε
211 2099 250 2158 γάρ
266 2100 375 2157 ἐπιθυμίαν
389 2098 427 2143 οὐκ
441 2098 507 2157 ᾔδειν,
530 2103 547 2144 εί
566 2099 592 2157 μὴ
612 2098 623 2144 ὁ
643 2100 705 2157 νόμος
723 2101 788 2158 ἐίεγεν
803 2099 841 2145 οὐκ

126 2170 262 2232 ἐπιθυμήσεις.
292 2173 378 2216 Πολίοίν
391 2170 496 2228 ἐπιθυμεῖν
512 2170 562 2229 ἡμᾶς
576 2171 627 2217 κατὰ
641 2171 677 2217 τόν
691 2171 782 2232 παρόντα
797 2175 841 2230 βίον

101 2245 258 2305 ιοσυμβίβηκεν,
273 2241 299 2288 οὐ
309 2242 419 2302 βρωμάτων
433 2244 466 2288 καί
480 2241 576 2300 πομάτων
590 2244 623 2288 καί
637 2248 722 2303 γαμικῆς
736 2247 843 2298 κοινωνίας

128 2317 202 2376 μόνον,
224 2314 274 2361 ιίλίοί
295 2317 328 2360 καί
342 2314 401 2374 δόξης
415 2316 448 2360 καὶ
462 2313 578 2373 χρημάτων·
600 2309 628 2360 [δν
643 2316 664 2360 δὲ
678 2317 716 2374 τὴν
734 2317 845 2374 ἐπιθυμίαν

587 2453 591 2471 ί

175 2535 200 2560 ιε,
212 2528 264 2570 θρίω,
281 2537 295 2559 ο.
312 2528 367 2560 tram.
383 2537 399 2568 ρ,
412 2526 439 2559 88.
464 2526 497 2558 Sed
509 2526 630 2567 fragmentum.
648 2525 692 2566 quod
708 2526 757 2566 ρειοΙο
774 2529 812 2558 aute
830 2527 846 2557 iu

131 2586 175 2627 Spin«
188 2589 204 2618 οῑ
216 2595 231 2619 ο,
244 2586 299 2620 Graiu.
308 2596 324 2627 p.
332 2585 358 2617 87.
370 2585 461 2618 Theodoro
473 2584 562 2626 tribuitur,
576 2583 677 2617 theodoreti
690 2587 724 2624 est,
737 2594 751 2618 r.
764 2594 778 2617 ο.
791 2585 845 2619 Grani.

131 2657 147 2687 p.
160 2645 197 2680 168.
216 2645 317 2680 Theodoreti
330 2645 362 2687 Op.
376 2646 401 2678 ert.
413 2645 451 2693 ¹³³¹:
465 2646 494 2679 ΙΙΙ.
507 2656 522 2687 ρ,
535 2643 562 2677 rt.
586 2652 611 2676 ιι.
626 2643 644 2676 G.
657 2644 719 2677 Grau:
732 2639 761 2687 ἁμ.
773 2641 802 2678 καί
814 2642 847 2678 διαί.

132 2712 157 2738 ιε.
170 2705 200 2737 Vel
212 2706 277 2738 sorite:
294 2703 349 2752 αἰτίῳ.
373 2705 428 2739 Lihri:
446 2701 526 2751 αίναιτίῳ,
542 2703 586 2745 quod
600 2702 640 2736 turri
652 2712 685 2737 uon
699 2707 764 2747 potest,
776 2704 809 2737 uisi
821 2712 848 2736 uu-

132 2767 189 2799 darter
206 2764 221 2798 h.
238 2775 250 2797 s.
268 2765 356 2799 sumseris:
376 2768 434 2807 utpote
451 2775 493 2809 quae
509 2773 576 2798 causam
586 2766 610 2797 ‘et
622 2765 705 2798 rationem
719 2773 752 2798 uou
766 2764 848 2799 habuerit.

132 2836 157 2861 ιι,
171 2825 206 2860 Cat.
218 2824 272 2858 Ciam.
286 2820 328 2867 ημᾶς
341 2819 387 2858 diurn.
