1723 3073
244 127 265 161 IN
277 128 401 163 EPISTOLAM
413 129 442 162 ΑΙ)
456 129 566 163 ROMANOS.
744 123 765 160 95

49 230 87 275 δάυ
103 234 121 275 οί
136 230 248 288 πανταχόσε
261 231 367 290 άνθρωποι
380 233 403 277 τί)
417 238 451 291 τῆς
466 235 564 293 εὐσεβείας
577 231 715 284 ὑποδέξωνται
729 230 767 285 μά-

47 308 112 360 θημα,
134 303 168 347 καὶ
186 302 238 346 οὕτω
257 307 295 355 παῖς
312 304 390 364 Ἰσραὴλ
405 297 526 364 σωθήσεται(
547 309 581 351 ἵνα
596 308 641 362 είπη
657 306 711 348 οίτε
726 299 766 346 άπὸ

48 377 82 433 της
97 373 176 434 φάσεως
190 374 227 432 τὴν
241 375 291 434 πρὸς
305 376 341 420 τδυ
354 376 432 437 Ἰσραὴλ
446 378 562 436 συγγένειαν
572 378 658 437 ἔχοντες,
675 374 719 421 άυτί
729 377 766 419 τοῦ

49 449 68 491 οί
81 446 175 492 Ἰουδαῖοι
189 447 222 492 καλ
237 449 257 492 οί
270 447 303 493 διά
318 452 352 506 τῆς
366 452 448 503 πίστεως
463 449 531 505 ἀξίους
545 449 618 507 ταύτης
638 449 717 501 ἑαυτοῖς
731 450 766 505 τῆς

48 521 183 579 προσηγορίας
197 519 364 580 καταστήσαντες,
380 522 431 580 λέγει
446 522 466 567 δὲ
481 522 528 575 τοῦς
544 511 649 577 ἐξχίθυῦν.
784 536 792 563 5

90 592 129 646 XI,
145 597 177 637 28.
205 590 280 640 Ἐκεῖνο
300 594 369 638 τοίνυν
387 592 440 650 ῦμῦς
459 593 532 638 εἰδέναι
549 594 652 653 προσήκει,
675 593 706 637 ὅτι
726 590 764 648 ἐγω

48 664 135 719 τοῦμὲν
153 662 270 721 εῦαγγελίου
288 664 362 719 ἕνεκεν,
386 665 434 708 ὅταν
452 664 501 709 αῦτί)
522 664 623 723 διασύρειν
640 664 764 722 βούλωνται,

48 734 86 792 την
99 734 198 792 ὑμετέραν
213 734 326 792 αίτιαίμενοι
340 734 443 793 πρόσοδον
452 737 486 779 καί
495 734 569 794 ιαῦτηυ
579 735 605 788 ῦς
615 739 691 781 οίυνται
702 735 766 792 άφορ-

49 807 89 866 μην
103 808 187 864 εῦλογον
201 806 355 865 προλσχάμενοι,
376 812 414 853 τοῦ
432 806 459 867 μὴ
479 810 585 854 πείθεσθαι
603 815 645 862 τοῖς
663 806 766 867 ἡμετέροις

49 878 179 938 διδάγμασιυ,
195 878 282 938 ἐχθροῦς
296 879 371 932 αῦτοῦς
386 878 436 925 εἶναι
451 879 555 938 νενόμικα,
571 880 605 925 άτε
619 879 643 940 δὴ
658 882 792 939 πολεμίουςιο

49 956 84 1010 τῆς
98 954 191 1005 πίστεως
206 951 249 997 τότε
264 952 302 1009 γάρ
318 950 401 1005 οῦδευδς
416 951 526 1010 άφίσταμαι
540 956 580 997 ταῖν
594 952 631 997 ίίσα
645 952 695 1009 πρὸς
714 953 765 1009 ίλεγ-

50 1042 85 1082 χον
100 1028 134 1082 τῆς
149 1022 216 1069 αὐτῶν
230 1027 300 1076 κακίας
315 1026 376 1069 εἰπεῖν
390 1023 495 1083 προσήκει,
520 1024 553 1069 διά
568 1025 589 1069 δὲ
603 1024 639 1083 τίχν
653 1024 704 1081 πρὸς
718 1023 766 1077 τοῦς

50 1097 136 1154 πατέρας
151 1095 262 1153 οἰκειότητα
277 1096 341 1148 οῦτως
356 1095 430 1148 αῦτοῦς
444 1098 487 1154 περί
497 1100 573 1142 πολλοῦ
583 1103 684 1142 ποιεῖσθαι
695 1094 766 1141 ἐσποῦ-

50 1172 111 1219 δακα,
131 1166 158 1220 ῦς
176 1168 225 1225 μηδὲ
242 1166 325 1225 πάσχειν
344 1167 369 1226 ἤν
386 1185 404 1212 τι
423 1168 457 1226 δέη
472 1165 522 1225 ῦπὲρ
537 1172 571 1225 τῆς
586 1167 651 1212 αῦτῦν
669 1169 766 1226 σωτηρίιις

51 1240 128 1285 ὀκνεῖν·
151 1238 197 1285 οίδα
211 1238 249 1298 γάρ
265 1238 351 1299 άκριβῦς
366 1239 396 1284 δτι
411 1237 421 1284 δ
436 1238 484 1293 θεὸς
500 1238 523 1284 οῦ
538 1240 679 1298 μεταμεληθεὶς
694 1239 726 1283 ἐπί
742 1241 766 1297 τῇ
775 1257 792 1286 ιε

50 1316 91 1357 τοῖν
105 1312 196 1370 πατέρων
209 1313 293 1370 ἐκλογῇ,
309 1312 393 1364 τούτους
407 1310 552 1369 άπεποιὴσατο,
568 1311 624 1356 αῦτοί
635 1312 657 1356 δὲ
667 1313 767 1370 μοχθηρίᾳ

51 1382 131 1442 γυάμης
151 1387 186 1441 τῆς
205 1383 259 1439 παρά
279 1387 315 1428 τοῦ
335 1387 385 1428 θεοῦ
405 1381 553 1440 άλλοτριιάσεοις
574 1383 652 1434 ἑαυτοῖς
673 1380 767 1440 γεγόνασι

52 1455 151 1513 πρόξενοι.

92 1530 140 1582 XII,
162 1535 178 1578 ί.
206 1525 285 1584 Ἐπειδη
308 1524 356 1579 τοῦς
378 1525 511 1583 δογματικοὺς
534 1525 666 1583 συνεπίραυεν
687 1522 768 1581 λόγους,

51 1604 91 1645 τῦυ
105 1599 183 1658 ήθικοῖυ
198 1599 292 1644 ἐντεῦθεν
305 1598 396 1653 ἅπτεται,
412 1597 560 1656 άυαγκαιάτατα
574 1598 613 1643 άπδ
628 1595 795 1654 παρακλήσεωςιο

50 1671 88 1729 τὴν
103 1671 166 1730 ἀρχὴν
185 1670 318 1728 ποιούμενος·
341 1672 362 1716 ἐν
382 1671 465 1723 ἐκείνοις
481 1670 518 1728 μὲν
537 1670 576 1729 γάρ
596 1670 621 1716 οῦ
639 1669 726 1728 χαλεπὸν
744 1664 770 1726 ἦν

51 1750 93 1796 τοῖς
108 1742 239 1803 βουλομένοις
253 1742 302 1799 μετά
316 1741 353 1800 τὴν
368 1742 457 1800 μάθησιν
475 1742 564 1801 κατέχειν
581 1741 605 1788 τά
622 1742 724 1801 εἰρημένα,
745 1745 770 1800 τῇ

51 1815 72 1859 δέ
86 1833 107 1872 γε
123 1813 183 1873 άρετη
197 1815 230 1857 καί
244 1812 307 1865 πόνος
322 1813 458 1868 συνέζευκται,
475 1814 524 1859 ὥστε
535 1814 584 1870 μετά
594 1818 670 1859 πολλοῦ
680 1813 716 1872 μίν
726 1831 770 1858 τινα

51 1887 155 1945 προσιέναι
169 1888 206 1929 τοῦ
221 1885 282 1929 ὄκνου
297 1889 321 1944 τῇ
336 1885 398 1943 αὐτῆς
413 1886 506 1946 ἐργασίᾳ,
521 1887 554 1930 καί
569 1885 682 1943 άρχῦμενου
692 1886 714 1931 δὲ
723 1890 773 1931 πολ-’

51 1963 88 2004 λοῦ
103 1962 182 2003 δεῖσθαι
196 1956 287 2014 καμάτου
301 1956 352 2014 πρὸς
365 1957 402 2015 την
416 1957 554 2012 κατόρθωσιν·
570 1959 693 2016 ἐπικουφίζει
702 1960 797 2007 τοίνυυαε

52 2036 76 2091 τῇ
91 2028 213 2088 παρακλήσει
227 2033 264 2074 τοῦ
278 2028 394 2087 πράγματος
408 2028 431 2074 τὸ
449 2030 555 2082 ἐπίπονον,
578 2028 771 2088 δυσωπητικωτάτηυ

53 2105 73 2150 δὲ
96 2101 201 2162 εἰργάσατο
219 2100 256 2159 τίχν
276 2099 401 2161 παράκλησιν
421 2100 481 2146 είπιδυ
499 2101 533 2147 διά
551 2106 592 2147 τῦυ
610 2105 716 2161 οιῖκτιρμοῦν
734 2106 771 2148 τοῦ

52 2179 110 2221 θεοῦ,
138 2173 216 2232 Ἐπειδὴ
231 2173 270 2231 γάρ
285 2175 376 2231 πλείστην
392 2173 413 2218 ἐν
428 2181 469 2226 τοῖς
485 2177 613 2232 δογματικαῖς
627 2176 672 2233 περὶ
685 2179 720 2231 της
734 2178 771 2219 τοῦ

53 2250 104 2293 θεοῦ
119 2237 274 2305 φιλανθρωπίας
288 2244 325 2304 τὴν
340 2248 469 2291 διδασκαλίαν
485 2245 600 2304 ἐποιήσατο,
616 2242 683 2306 ᾗπερί
695 2245 771 2297 πάντας

53 2318 176 2377 άνθρεάπους
190 2322 272 2377 χρῆται,
295 2316 408 2375 άυαγκαίως
422 2322 447 2377 τῇ
461 2317 538 2363 τοῦτων
555 2317 666 2376 ῦπομνησει
684 2321 798 2370 δυσωπεῖςρ

53 2397 129 2450 μάλλον
144 2389 218 2443 αῦτοῦς
233 2390 303 2449 άρεεῆς
318 2391 467 2447 ἐπιμελεῖσθαι,
490 2390 570 2442 δεικνδς
590 2390 620 2435 δτι
636 2389 673 2434 οῦκ
687 2390 771 2447 ἐφόδιον

54 2465 157 2526 ῥμθνμίας
172 2461 320 2516 αῦτοῖςίκεῖυο
334 2464 427 2520 γίνεσθαι
441 2463 527 2517 δίκαιον,
541 2461 661 2507 τούναντίον
675 2462 696 2507 δὲ
710 2462 772 2508 πάλιν

54 2537 67 2583 δ
81 2535 176 2594 προσήκει
190 2534 227 2594 νῦν
242 2533 333 2592 σπουδὴν
347 2534 495 2593 συνεισφέρειν,
516 2535 672 2593 αἰσχυνομένους
690 2537 713 2582 τῦ
728 2538 773 2594 περὶ

100 2729 114 2754 7.
126 2720 172 2754 Haec
184 2720 260 2753 continet
272 2720 322 2752 etiam
335 2728 349 2753 ο.
363 2719 408 2753 Mon.
421 2718 442 2762 [c.
456 2720 510 2753 cram,
524 2731 538 2761 p.
550 2721 606 2764 Q:
620 2720 640 2755 (δ.
649 2716 773 2765 ΜουιίχουΠἩ

55 2778 83 2814 καί
95 2775 159 2820 οῦτως’
172 2774 203 2822 ἐγὼ
216 2774 246 2820 μὲν
257 2778 288 2812 τοῦ
300 2774 322 2812 εῦ.
335 2797 358 2809 -.
382 2786 396 2809 ε.
409 2778 462 2819 Spic.:
478 2778 571 2812 πείσεσθαι.
597 2782 718 2815 15.C,M0n.:
734 2790 771 2813 οωτ.

55 2840 183 2887 παραιτεῖσθαι,
204 2838 226 2871 ih.
239 2839 295 2880 spic.:
307 2831 333 2873 ὅτι
345 2833 364 2872 οὐ
376 2835 417 2877 θεὸς
429 2848 497 2883 μεταμ,
511 2850 524 2873 υ.
536 2840 591 2875 Mem:
606 2839 722 2887 μετοβληθείς.
747 2849 771 2874 ιι.

57 2902 73 2934 G.
86 2902 141 2936 Mon.:
153 2895 221 2944 γνάμης
232 2898 283 2941 μοχθ,
296 2898 326 2942 τῆς
339 2894 377 2932 άπὸ.
401 2898 424 2929 ih.
436 2898 453 2931 G.
466 2900 520 2934 Mam:
534 2896 597 2939 αὐτοῖς,
631 2940 632 2943 ¹
