1773 3073
122 75 143 110 52
205 83 206 87 ’
343 73 454 106 THEODORI
466 74 614 108 MOPSVES'I'ENI

121 182 184 228 κακόν
198 183 231 226 καί
249 178 397 236 διακεκριμένον
415 178 455 224 οίπό
470 185 506 225 τοῦ
516 185 584 226 ,καλοῦ
595 179 675 238 μετιών.
704 177 761 224 Ἀλλὰ
776 182 836 225 τοῦτο

122 255 158 312 μὲν
172 257 199 307 είς
213 252 295 309 αὔξησιν
308 253 355 299 τοῦ·
378 249 408 308 ἐφ’
424 245 440 311 ᾠ
454 250 527 304 πάντες
541 252 642 312 ήμαρτου,
661 252 754 297 τέθεικεν.
782 249 837 308 Ἐγό-

121 345 180 384 μενος
198 324 219 370 δὲ
235 327 270 381 τής
288 324 362 376 οἰκείας
380 321 504 377 ἀκολουθίας
518 323 629 383 ἐπήγαγεν·
652 323 692 370 ἀλλ’
710 324 836 382 ἐβασίλευσεν

121 396 235 447 ὁθιίνατος
249 393 288 440 ιίπὸ
302 393 365 453 Ἀδὸμ
380 396 436 456 μέχρι
447 396 556 450 Μωῦσίως
570 398 604 443 καὶ
619 398 649 443 ἐπὶ
664 395 712 449 τοῦς
730 394 756 454 μή
774 393 836 454 ὁμαρ-

105 467 216 528 ιτήσαντας
235 467 256 512 ἐν
275 470 303 529 τῷ
324 464 435 527 ὁμοιιόματι
452 473 487 528 τὴς
510 469 642 529 παραβάσεως
662 460 734 528 Ἀδὰμ,
755 466 777 521 ός
796 467 837 513 ἐστι
873 473 875 476 ’

118 540 180 593 τόπος
194 544 231 584 τοῦ
245 535 359 597 μέλλοντος.
391 541 419 587 Τό
434 538 534 600 μὲνοῦν·
551 544 584 587 καί
599 543 630 587 ἐπί
644 541 693 594 τοῦς
707 541 733 599 μή
749 538 836 598 ὁμαρτή-

119 625 191 664 σαντας
211 612 232 657 ἐν
246 617 274 674 τῷ
290 611 401 671 ὁμοιώματι
414 619 449 673 τῆς
463 614 594 673 παραβάσεως
607 613 679 671 Ἇδίμ,
699 617 759 658 τοῦτο
774 612 836 669 λέγει,

118 684 148 729 ὁτι
163 682 174 729 ὁ
188 682 278 737 θίινατος
292 684 399 744 ἐκράτησεν
414 684 509 731 ἁπάντων
522 690 563 731 τῦν
578 683 709 743 ὁπωσδήποτε
725 682 836 742 ἡμαρτηκό-

118 775 163 802 των.
194 755 224 800 Οὐ
238 755 277 815 γὸιρ
293 757 360 816 ἐπειδή
376 757 413 817 οῦγ
427 758 498 816 ὁμοιον
512 753 537 817 ἡν
551 757 574 802 τό
589 762 623 816 τής
638 755 735 815 ἁμαρτίας
745 754 799 808 εἶδος
814 754 836 800 τό

51 861 53 864 -
93 847 137 875 ιοτε
152 833 188 874 τοῦ
207 827 270 886 Ἇδίιμ
283 831 317 874 καί
331 834 371 875 νῦν
385 835 461 875 λοιπῶν
476 830 604 890 ἀνθρώπων,
625 828 717 874 θανάτου
731 827 837 886 γεγόνασιν

119 901 174 955 ἐκτός
193 903 213 946 οί
231 902 306 956 λοιποί,
328 901 369 947 ἀλλ’
388 900 439 958 ῦπδρ
459 897 487 947 ὧν
505 900 622 961 ἡμάρτανον
643 899 780 959 ὁπωσδήποτε,
800 903 837 944 τοῦ

118 973 211 1019 θανότου
225 972 262 1032 τήν
276 972 380 1032 ἀπόφασιν
395 974 486 1028 ἐδέξαντο
500 973 582 1026 πάντες·
605 972 629 1018 οῦ
647 972 686 1030 γίιρ
702 976 738 1030 τῆς
756 974 837 1016 τοιοῖσδε

119 1044 216 1104 ἁμαρτίας
233 1047 317 1103 τιμωρία
335 1043 345 1090 ὁ
363 1044 452 1097 θάνατος
473 1045 565 1102 ὁίρισται,
589 1043 639 1089 οίλλοί
653 1042 718 1100 ποίσης
733 1041 835 1100 ἁμαρτίας.

113 1117 168 1162 ’Ἐστι
183 1116 205 1162 δὲ
221 1115 263 1161 ἔνθ’
279 1114 330 1176 δρῦν
344 1116 384 1161 οίπὸ
398 1120 445 1162 τοῦ·
468 1116 493 1161 οῦ
507 1116 571 1175 μόνον
586 1117 607 1161 δὲ
622 1115 672 1161 αἰλλίι
687 1117 720 1161 καί
734 1113 837 1173 καυχώμε»

92 1206 150 1235 ιενοι
169 1190 190 1234 ἐν
209 1192 237 1249 τῷ
254 1192 296 1249 θεῷ
315 1187 348 1233 διό
363 1192 400 1232 τοῦ
414 1187 558 1246 κυρίουὴμῦν
571 1187 637 1246 Ἰησοῦ
652 1191 747 1246 Χριστοῦ,
778 1186 837 1243 Λέγει

118 1260 156 1319 γὸιρ
172 1261 202 1306 ότι
217 1259 253 1304 οῦκ
268 1260 298 1304 ἐπὶ
313 1258 377 1321 τούτῳ
392 1259 456 1317 μόνον
470 1259 601 1318 καυχώμεθα,
617 1259 647 1306 ὁτι
657 1258 690 1304 διοί
700 1263 737 1304 τοῦ
747 1262 837 1318 Χριστοῦ

118 1332 238 1391 κατήλλαξαν
248 1330 299 1390 ἡμᾶς
314 1330 325 1376 ὁ
340 1331 388 1384 θεός
403 1332 476 1393 ἑαυτῷ,
492 1330 532 1376 ἀλλ’
549 1331 579 1377 ότι
593 1333 625 1376 καί
640 1330 705 1376 πάντα
720 1330 745 1388 δή
759 1331 784 1376 τοί
799 1347 839 1375 πα->

119 1404 165 1450 λαιοί
185 1404 241 1450 ἔλυσε
258 1403 321 1449 κακοί·
341 1411 389 1449 ποία
399 1408 476 1456 1ταῦτα;
496 1402 633 1462 ἡμαρτηκότος
651 1403 690 1462 γὸιρ
710 1407 747 1448 τοῦ
763 1402 835 1461 Ἇδὸιμ,

118 1478 152 1521 καὶ
166 1476 205 1534 μήν
219 1477 251 1520 καὶ
266 1480 344 1533 θνητοῦ
359 1475 392 1520 διίι
406 1480 466 1520 τοῦτο
480 1476 596 1533 μεμυκότος,
611 1476 658 1533 ήτε
673 1474 759 1533 ἁμαρτία
771 1474 836 1533 πόρο-

93 1551 155 1593 εοδον
171 1548 240 1605 ἔλαβεν
255 1549 283 1599 είς
296 1546 344 1599 τοῦς
359 1547 411 1605 ἓξής,
431 1548 464 1592 καί
480 1546 490 1592 ὁ
505 1546 594 1600 θὸνατος
608 1546 689 1593 πόντων
704 1547 781 1605 ἐκρότει
795 1551 835 1592 τῶν

120 1619 235 1676 οίνθροίπων
255 1618 282 1671 ῦς
301 1610 358 1671 είκός.
389 1619 475 1664 Πάντων
493 1619 531 1677 γὸιρ
548 1619 702 1677 ἡμαρτηκότων,
724 1623 741 1664 εί
758 1621 790 1665 καί
807 1620 834 1678 μή

119 1693 260 1748 παραπλησίαν
279 1695 307 1750 τῷ
326 1690 388 1747 Ἀδὸιμ
409 1690 517 1748 ἁμαρτίαν,
539 1691 579 1735 ἀλλ’
598 1686 636 1736 οῦν
652 1709 674 1747 γε
696 1690 834 1748 ὁπωσδήποτε,

118 1766 158 1811 νῦν
173 1762 208 1819 μὲν
223 1761 285 1814 οὕτω,
301 1766 340 1806 νῦν
351 1761 445 1817 ὁδοῦται,
461 1760 537 1820 οίνίιγκη
551 1763 584 1808 καί
598 1761 634 1808 τόν
648 1761 739 1808 θάνατον
753 1757 778 1821 ἡν
788 1781 836 1821 κρα-

119 1841 160 1878 τείν
174 1831 204 1892 ἐφ’
215 1831 309 1878 ἁπάντων
325 1831 403 1891 ὁμοίως.
432 1832 480 1878 Ἀλλ’
491 1832 538 1879 οὐδὲ
553 1832 564 1878 ὁ
578 1832 641 1892 νόμος
655 1834 777 1880 ἐπεισελθὼν
792 1833 834 1881 ῦνε-

92 1911 160 1951 τελεία
175 1904 238 1964 αῦτὴν
253 1907 283 1951 ἐπὶ
298 1910 340 1951 τῦν
352 1905 467 1965 οίυθροίπων
482 1905 583 1965 ἐδυνήθη·
605 1905 723 1952 τούναντίον
743 1907 779 1964 μὲν
797 1902 835 1953 οῦν

118 1981 151 2024 καί
169 1977 181 2037 ἡ
201 1982 237 2023 τοῦ
257 1977 377 2038 ὁμαρτὸνειν
392 1978 473 2037 οίιγορμὴ
489 1980 583 2024 ἐντεῦθεν
596 1978 644 2036 ἡμῖν
664 1980 785 2037 ἐπεγίγνετο,
807 1984 835 2041 τῷ

118 2051 168 2111 μηδὲ
183 2048 261 2097 οἷόντε
276 2049 328 2096 εἶναι
343 2049 448 2109 ὁμοίρτημα
462 2054 566 2111 κρίνεσθαι
586 2050 655 2109 νόμων
670 2050 731 2105 ἐκτός.
755 2052 835 2098 Ὄντων

118 2124 139 2169 δὲ
153 2127 193 2171 τοῖν
207 2121 254 2168 καθ’
265 2121 316 2181 ἡμῦις
330 2123 351 2167 ἐν
365 2122 445 2175 τούτοις
460 2122 487 2175 οδς
501 2125 600 2180 μηδεμίαν
614 2128 648 2180 τῆς
663 2124 694 2168 ἐπί
708 2123 731 2170 τό
745 2131 835 2180 κρεῖττον

118 2199 227 2254 μεταβολῆς
248 2192 400 2252 ὁποφαίνεσθαι
420 2194 498 2249 ἐλπίδα,
519 2193 578 2239 λίσιν
599 2193 693 2240 ἁπάντων
715 2194 726 2240 ὁ
748 2196 835 2253 Χριστός

85 2266 223 2325 ὀνείργόισατο
241 2271 282 2310 τῶν
301 2270 374 2310 κακῦν.
403 2265 443 2309 Διό
463 2264 567 2322 συντόμως
586 2264 671 2322 ἐπήγαγε
692 2267 726 2311 τὸ’
750 2268 772 2320 ὅς
794 2269 835 2313 ἐστι

118 2337 179 2391 τόπος
193 2341 230 2383 τοῦ
239 2337 362 2396 μέλλοντος,
384 2340 418 2383 ἴνα
432 2340 489 2397 είπη,
510 2337 540 2382 ὅτι
558 2336 635 2394 ἐγένετο
654 2337 676 2382 δὲ
694 2338 719 2382 τίι
734 2338 784 2384 κατὸι
798 2339 834 2385 τόν

118 2488 157 2527 post
168 2495 183 2520 ν.
195 2482 255 2527 μιτιοίν
267 2487 345 2529 εμοδοείε
361 2487 443 2530 quaedam
459 2485 528 2525 excidit.
547 2494 646 2529 quamquam
664 2485 746 2519 sententia
762 2495 780 2520 εκ
796 2496 833 2520 mea

118 2548 172 2579 ιετλοε
185 2545 317 2581 conformatione
329 2551 375 2582 τεοῖο
384 2548 448 2586 διειδεῖ,
465 2548 481 2580 h.
495 2557 525 2580 τοι
543 2544 560 2580 εί
570 2542 591 2590 δή
604 2545 687 2587 siquidem
700 2546 746 2589 (scil,
759 2541 834 2590 οίμαρτοί·

117 2615 152 2637 νειν
165 2601 237 2648 λέγεται)
253 2626 282 2638 -.

164 2671 188 2696 ιι.
200 2663 257 2698 Libri:
274 2662 308 2700 ἔστι
320 2661 338 2700 δὲ
350 2661 368 2700 ἕν
379 2665 402 2712 τῷ
412 2665 448 2700 νῦν
460 2662 501 2700 ιίκὸ,
527 2672 553 2699 τε,
568 2665 586 2698 V.
599 2674 624 2697 vs,
637 2663 662 2696 11.
680 2665 720 2699 Post
733 2677 746 2700 ι.
760 2666 833 2709 Χριστοῦ

117 2724 202 2762 adduntur
217 2724 234 2757 in
251 2729 281 2758 οει.
298 2726 352 2761 Cram.
366 2737 380 2761 ν.
392 2722 413 2761 οῦ
424 2724 465 2770 λέγει
477 2725 509 2772 γὰρ
521 2725 551 2769 τῆς
563 2723 631 2758 τοιᾶσδε
643 2719 726 2768 ιίμοιρτίας
737 2726 811 2771 τιμωρία
823 2723 833 2761 ὁ

116 2781 194 2822 θάνατος
206 2776 282 2825 ὁριεῖται,
296 2782 336 2818 ἀλλὰ
347 2783 402 2828 κοίτης
413 2782 501 2829 ιίμαρτίαςΔ
525 2786 557 2818 Sed
570 2785 607 2825 ¹ege
619 2785 669 2825 paulo
681 2790 720 2818 αοῑο
732 2788 781 2818 dicim
805 2795 831 2820 τε.

116 2843 184 2887 ,ἔμελλε
196 2837 239 2886 μηδὲ
251 2841 295 2885 μίαν.
