1723 3073
233 146 255 182 IN
266 149 390 186 EPISTOLAM
401 151 430 184 Al]
443 151 563 186 HEBRAEOS.
723 148 755 184 169

75 257 187 305 =1x‚1.2.
211 251 303 309 ’Ἀρχεται
324 255 417 300 ἐντεῦθεν
438 257 511 313 λέγειν,
534 256 588 308 ὅπως
608 255 633 299 τά
656 257 678 300 έν
698 254 754 315 νόμῳ

41 324 131 384 σύμβολα
150 326 184 370 καί
201 322 261 368 τύποι
281 328 320 369 τῶν
339 326 359 371 έν
375 331 399 385 τῇ
417 326 490 386 χάριτι,
512 329 544 373 καί
564 328 617 380 ὅπως
636 329 657 372 έν
672 328 755 378 ἐκείνοις

40 403 104 443 ταῦτα
118 394 291 456 προθεωροάμενα
306 398 375 442 διιδεῖν
389 399 484 454 δυνατὸν,
500 398 551 458 ὁμοῦ
563 405 587 460 τῇ
597 400 708 459 παραθέσει
721 400 755 445 καλ

40 471 77 528 τὴν
90 468 192 528 ὑπεροχὴν
206 468 284 514 τούτων
299 469 387 522 δειλαίας,
408 470 443 527 ἱίση
457 475 486 524 τίς
500 473 560 517 ἐστιν·
584 474 605 518 έν
619 472 718 531 ἀφηγήσει
732 472 754 517 δέ

40 547 75 600 τῆς
89 545 217 595 διδασκαλίας
231 547 317 587 ποιεῖται
331 540 368 598 τίγν
382 542 486 600 καταρχην.
516 543 573 601 Λέγει
587 541 633 601 οὖν,
649 545 679 590 ὅτι
693 547 726 590 καί
741 542 753 602 ἡ
772 566 779 592 ι

40 614 108 671 προίτη
123 613 210 670 διαθηκη
226 611 276 670 εἶχεν
291 612 352 668 ὅρους
367 613 398 655 καὶ
413 613 552 670 προστάγματα
566 621 697 673 λειτουργίας,
718 622 753 673 τῆς

41 689 82 746 θεῷ
90 684 233 730 ἀποδίδοσθαι
247 681 377 742 ὀφειλούσης·
393 683 515 739 δικαιώματα
528 684 566 743 γάρ
576 689 665 743 λατρείας
674 687 699 731 τά
708 688 752 741 περί

41 756 119 801 τούτων
133 758 185 813 λέγει
199 755 349 813 προστάγματα.
381 753 409 798 Τί
423 771 443 797 τι
458 754 514 811 ίίγιον
528 758 631 813 κοσμικόν
650 760 707 815 ίίγιον
722 761 753 803 έν-

40 833 108 873 ταυθα
122 833 178 872 καλεῖ
191 826 228 871 τὸν
242 826 293 872 ναὸν
308 824 397 881 εἰκότως,
416 823 441 869 έν
461 821 477 887 ᾧ
493 826 530 883 τὴν
544 832 665 886 λειτουργίαν
683 830 753 875 άποδλ-

40 904 114 946 δοσθαι
128 905 156 962 τῷ
170 902 212 960 θεῷ
228 899 356 958 συνέβαινεν,
378 901 415 943 είτε
430 900 463 944 καί
476 898 512 957 την
527 901 608 958 σκηνὴν,
627 903 691 961 ἐπειδὴ
706 902 751 948 ταύ-
760 924 778 951 ιο

5 1031 7 1033 ‚
42 990 78 1031 την
93 974 114 1017 έν
128 971 182 1026 τάξει
195 976 232 1016 τοῦ
246 975 298 1017 ναοῦ
312 970 411 1029 πρότερον
426 969 487 1028 εἶχον
506 970 578 1028 ὁμοίως
591 973 628 1031 γάρ
643 975 718 1032 ἐκείνην
731 992 751 1019 τε

41 1044 93 1091 ναὸν
107 1042 201 1100 ἐκάλουν,
217 1041 244 1095 ὡς
259 1043 284 1089 άν
299 1043 320 1089 έν
335 1042 386 1103 αὐτῇ
401 1046 437 1088 τοῦ
452 1046 502 1088 θεοῦ
516 1044 656 1103 τυγχάνοντος,
671 1048 704 1093 καί
717 1047 752 1092 τὸν

41 1117 96 1176 παρά
110 1120 147 1160 τοι]
162 1120 295 1173 Σολομιδυτος
309 1115 400 1172 ὕστερον.
430 1117 469 1160 Καὶ
487 1104 550 1160 ’τοῦτο
569 1124 640 1174 μαθεῖν
660 1118 698 1163 άπὸ
718 1124 752 1176 τῆς

41 1187 120 1246 πρώτης
138 1192 178 1232 των
193 1191 303 1233 Βασιλειῶν
321 1187 384 1232 ένεστι
398 1191 468 1244 σαφολς
482 1187 587 1245 λεγούσης·
609 1190 641 1233 καί
658 1191 753 1247 Σαμουὴλ

41 1258 151 1303 ἐκάθευδεν
165 1259 187 1302 έν
201 1262 228 1319 τῷ
242 1262 286 1320 ναῷ
300 1262 337 1302 του
350 1260 430 1315 κυρίου,
447 1254 473 1302 οὗ
487 1253 512 1316 ἦν
526 1256 538 1315 ἡ
553 1259 635 1316 κιβωτὸς
648 1265 684 1304 του
693 1265 752 1315 θεοῦ,
761 1280 779 1306 ιι

42 1331 100 1390 μηπω
114 1335 151 1377 τοῦ
165 1334 217 1377 ναοῦ
231 1328 271 1377 ὑπὸ
286 1335 420 1388 Σολομῶντος
435 1331 608 1389 οἰκοδομηθέντος.
635 1331 711 1391 Ὥσπερ
731 1334 753 1378 δὲ

42 1402 144 1462 σύμβολον
158 1406 194 1448 τοῦ
208 1402 286 1461 κόσμου
300 1402 447 1448 κατασκευάσαι
461 1403 512 1449 κατοί
526 1420 570 1449 τινα
583 1403 646 1449 τύπου
659 1405 696 1464 τὴν
710 1417 754 1463 σκη·

41 1476 80 1535 νὴν
99 1481 127 1539 τῷ
145 1481 219 1521 Μωσελ
235 1476 322 1522 κελεύων
342 1475 427 1531 ὁθεδς,
449 1476 569 1536 προσέταξεν
583 1475 636 1538 αὐτῷ
649 1479 755 1535 περίβολον

42 1553 123 1607 ποιησαι
141 1548 181 1594 άπὸ
200 1552 241 1592 τάν
259 1547 441 1606 καταπετασμάτων
458 1549 511 1610 μέσῳ
533 1549 667 1606 διειλημμένον
687 1549 754 1610 ἑτέρη,

43 1620 96 1666 οίίτω
110 1620 178 1665 δὲκαὶ
194 1618 268 1673 ὁναὸς
283 1619 333 1665 κατά
347 1620 383 1665 τὸν
398 1619 461 1665 αὐτὸν
475 1620 559 1677 ὕστερον
574 1620 648 1677 ἐγένετο
659 1621 728 1667 τάπον.
763 1638 781 1666 κο

85 1695 122 1744 IX,
138 1697 170 1737 28.
200 1695 257 1748 Νῦν,
278 1693 348 1750 φησίν,
369 1691 452 1750 ὀφθείς,
471 1692 503 1737 ὅτε
517 1691 553 1750 την
568 1690 663 1750 άμαρτίαν
676 1698 754 1750 κρατεῖν

42 1764 167 1823 συνέβαινεν,
191 1763 304 1821 άναγκαίως
323 1763 359 1809 τὸν
378 1764 411 1809 διά
429 1763 466 1823 τὴν
483 1763 580 1822 ἁμαρτίαν
594 1766 703 1822 κρατοῦντα
717 1762 755 1808 θά-

43 1855 105 1882 νατον
115 1837 203 1892 ἐδέξατο,
218 1836 262 1882 τότε
272 1837 293 1882 δέ
302 1841 337 1894 τῆς
347 1836 445 1894 άμαρτίας
455 1836 482 1890 τίς
492 1836 543 1889 εἰκὸς
551 1835 663 1895 λελυμένης,
673 1834 755 1892 ιοίνιίγκη

42 1910 75 1954 καί
90 1906 152 1953 αὐτὸν
167 1907 252 1960 ἀπαθῶς
268 1907 367 1966 ὀφθηναν
382 1908 405 1953 τί
418 1908 457 1968 γάρ
472 1910 531 1967 χωρίς
544 1907 639 1966 ἁμαρτίας
652 1910 712 1951 τοῦτο
726 1906 754 1950 λέ-

43 2000 83 2039 γει,
105 1979 135 2025 ὅτι
152 1979 179 2039 μὴ
198 1979 310 2038 κρατούσης
328 1980 356 2025 έτι
373 1984 407 2039 τῆς
422 1978 519 2039 ἁμαρτίας
533 1980 584 2025 οίίτω
598 1980 630 2024 καλ
644 1977 705 2031 αὖτίς
720 1978 782 2032 έξωοι

43 2053 119 2106 παντὸς
134 2051 266 2112 ἀνθρωπίνου
280 2052 361 2106 πάθους
376 2052 488 2112 ὀφθήσεται
503 2052 551 2098 τότε.

85 2128 113 2181 Χ,
129 2130 148 2172 5.
182 2129 250 2171 Ταῦτα
264 2125 301 2183 μέν
311 2127 387 2183 είρηται
396 2131 438 2179 τοῖς
448 2127 470 2171 έν
480 2129 584 2184 Βαβυλῶνι
593 2122 642 2181 πρὸς
651 2122 687 2169 τὸν
696 2122 755 2178 θεὸν,

44 2195 175 2254 βουλομένοις
189 2200 260 2250 εἰπεῖν,
280 2196 310 2241 ὅτι
325 2199 398 2249 θυσίας
412 2214 436 2255 με
451 2197 488 2242 οὐκ
502 2195 609 2255 άπητησας,
629 2194 679 2239 άλλίκ
693 2194 756 2251 μόνον

45 2268 67 2313 τὸ
81 2266 193 2314 ὑπακούειν
208 2279 245 2313 σου
259 2270 292 2314 καί
307 2267 329 2313 τδ
344 2268 423 2327 θέλημά
437 2280 474 2314 σου
483 2274 557 2313 ποιεῖν·
572 2268 603 2311 καί
618 2268 634 2310 εί
648 2265 757 2322 εὐθυμοῖεν

44 2340 68 2385 τά
82 2345 118 2397 της
133 2339 234 2386 ἐπανόδου
248 2340 320 2386 λοιπὸν
335 2339 462 2399 άναμφίβολα
475 2335 512 2398 ἦν·
533 2336 651 2396 μεταλλάξας
666 2332 703 2382 οὖν
722 2336 784 2383 αά-οο

44 2412 82 2470 τὴν
97 2410 124 2465 ὥς
138 2412 160 2458 έκ
174 2411 284 2471 προσώπου
299 2417 335 2458 τοῦ
346 2416 434 2473 Χριστοῦ
443 2410 505 2471 ταάτη
516 2411 586 2469 (μησίν,
601 2407 644 2454 άντί
654 2413 690 2455 τοῦ
700 2409 756 2461 ολτία,

45 2489 102 2542 σῶμα
117 2485 179 2531 εἰπάν
193 2489 303 2545 κατηρτίσω
317 2504 358 2544 μοι.

86 2560 115 2613 X,
130 2563 164 2605 λθ.
191 2557 278 2617 Ἀνάγκη
292 2558 340 2611 τοὺς
355 2559 443 2604 ἐνταῦθα
457 2554 506 2612 πρὸς
519 2553 544 2599 τίι
558 2556 615 2613 χείρω
625 2549 758 2612 μεταστάντας

90 2740 174 2775 1.G.Gr‚
190 2751 206 2784 p.
222 2742 260 2777 220.
279 2742 298 2777 (δ.
314 2739 333 2776 δέ
349 2748 407 2785 φησιν·
437 2746 462 2772 15.
478 2738 604 2777 1san1.3,3.
633 2739 759 2779 21.C.Cr.p.

45 2802 84 2835 230.
103 2800 123 2835 Θ.
135 2797 154 2835 δὲ
166 2811 215 2846 φησι·
239 2811 266 2838 27.
279 2805 296 2838 C.
309 2802 335 2835 Gr.
347 2812 362 2844 p.
374 2801 411 2834 232.
430 2796 465 2844 (Θ.)
490 2796 509 2832 Θ.
522 2793 541 2831 δέ
552 2807 603 2843 φησιν
615 2796 639 2838 εἰς
650 2797 679 2833 τὸ·
698 2796 759 2832 θυσίαν

45 2859 74 2895 καλ
85 2859 186 2906 προσφοράν
197 2857 228 2896 οὐκ
239 2860 324 2907 η’θὲλησας
336 2873 350 2894 κ.
362 2873 376 2894 τ,
388 2861 401 2894 λ.
430 2866 455 2893 29.
468 2859 485 2894 ss.
498 2859 534 2893 Gn:
551 2856 580 2893 καὶ
597 2852 674 2902 είίθυμοι.
705 2858 759 2892 ευθ-

46 2923 72 2956 Gr.
85 2933 100 2965 p,
113 2923 151 2957 238.
164 2922 201 2967 (Θ.)
220 2922 240 2957 Θ.
253 2920 271 2957 δέ
283 2930 347 2977 φησιν·Ι

630 2980 651 3013 12
