1723 3073
251 102 272 136 ΙΝ
285 101 428 136 EVANGELIUM·
438 101 546 136 ΙΟΗΑΝΝΙὸ,
739 96 761 132 25

82 208 109 260 ΙΙ,
127 210 213 250 ’λλ-19.
242 204 320 250 Ἐδόκει
334 205 345 250 ό
361 206 447 264 Χριστός
464 206 512 260 τοῦς
530 208 552 252 ἐν
570 210 597 268 τῷ
613 208 660 266 ἱερῷ
675 203 761 249 ἀπελαό-

41 294 82 323 νυν
96 274 199 333 καπήλους
213 277 246 320 καί
260 277 380 335 κολυβιστόνς
395 277 419 322 οῦ
433 278 471 336 τήν
486 280 583 338 ἐμπορίαν
598 277 663 336 μόνον
676 275 761 322 καταλό-

41 366 81 402 ειν,
97 346 148 391 ἀλλά
163 348 196 392 καί
210 347 233 392 τό
247 351 288 392 τῶν
302 353 381 393 θυσιῶν
397 349 455 401 ἔθος,
471 350 549 409 ἐπείπερ
564 351 645 395 ἐκείνων
660 349 728 394 ἕνεκεν
743 350 762 392 ολ

42 417 187 476 πιπράσκοντες
206 418 255 480 τοῦς
275 436 296 464 τε
315 418 365 477 βόας
385 421 416 464 καί
436 420 472 473 τόις
493 421 609 480 περιστερός
631 422 760 481 ἐπίπρασκον.

38 492 102 536 Ὅθεν
117 488 197 542 εἰκότας
212 491 243 535 ἐπί
257 490 294 548 τήν
309 489 418 535 ἀνάστασιν
434 490 540 549 ἐχώρησεν,
556 491 583 544 ἀς
597 492 623 538 όίν
638 497 694 552 εἴπη·
713 491 762 538 ταῦ·
781 510 788 537 τ

42 580 76 621 της
91 569 173 620 σημείου
188 568 270 621 ζητεῖτε,
292 562 356 622 βραχῦ
371 581 391 607 τι
405 562 529 621 ἀναμείνατε.
556 564 649 610 Ἐπειδόιν
663 565 702 623 γάρ
718 564 761 610 ἀνε-

43 641 83 681 λείυ
98 652 122 692 με
136 633 215 692 δόξητε,
229 633 274 680 τότε
289 633 378 687 ἀναστόις
392 639 453 696 πάσιυ
464 634 535 681 ἑαυτόν
545 640 635 694 γυοιρίσα
648 637 702 690 ὅστις
717 640 761 694 είμί.

33 709 82 763 ,Καὶ
103 707 156 753 οῦτοτ
170 712 233 753 ταῦτα
248 708 284 765 μὲν
298 707 324 753 τιί
338 706 401 753 κοίλαν
415 706 525 766 λυθήσεται
538 711 570 763 καί
585 709 643 768 καινή
657 728 687 763 τις
706 715 762 755 πολι-

43 782 94 835 τεία,
116 780 149 824 ἀτε
168 779 192 838 δή
207 781 241 825 καί
255 783 327 825 καινοῦ
342 782 388 837 βίου
402 783 439 825 τοῦ
453 779 502 837 μετόι
516 779 553 838 τήν
568 779 676 827 ἀνάστασιν
693 800 762 827 κατευ-

46 850 199 909 αγγελλομόνου.
772 868 790 897 ιο

87 924 127 974 ΙΙΙ,
145 928 164 967 5.
198 922 239 967 Τόν
257 922 334 980 τρόπον
353 922 461 980 ἐξηγήσατο
480 927 516 980 τῆς
530 923 563 967 διά
577 928 614 968 τοῦ
628 927 763 982 βαπτίσματος

49 993 208 1053 ἀναγεννήσεας,
227 999 264 1039 τοῦ
281 994 317 1052 μὲν
331 994 416 1046 ῦδατος,
435 995 457 1039 ε’ν
472 996 487 1056 q}
502 999 613 1052 πληροῦται
626 995 649 1041 τό
662 998 724 1054 ’ἔργον
739 1000 774 1054 εί-Ι

45 1066 99 1119 ποδυ,
119 1071 157 1111 τοῦ
174 1066 195 1111 δὲ
212 1065 327 1124 πνεῦματος
346 1067 367 1111 ἐν
381 1071 409 1128 τῷ
423 1066 483 1111 ῦδατι
496 1066 533 1125 τήν
548 1069 623 1111 οίκείαν
640 1072 764 1126 πληροῦντας

45 1138 152 1196 ἐνέργειαν.
180 1136 203 1182 ‘0
222 1138 271 1190 θεός
290 1137 329 1201 γάρ
348 1139 382 1183 καί
400 1143 479 1196 πνεῦμα
497 1141 600 1191 υἱοθεσίας
619 1138 705 1197 λε’γεται,
728 1138 765 1197 οῦχ

46 1210 111 1268 ῦδοτρ,
135 1210 202 1268 ἐπειδή
221 1209 295 1256 τοῦτου
312 1214 336 1270 κή
355 1209 439 1268 δυνάμει
458 1209 494 1268 τήν
509 1209 641 1268 ἀναγὲννησιν
656 1210 792 1268 δεχόμεθα·ι5

47 1281 122 1327 τοῦτου
141 1300 163 1339 γε
182 1283 239 1327 δὐεκα
258 1284 290 1327 καί
309 1284 330 1326 ἐν
346 1287 374 1343 τῷ
392 1285 511 1340 βαπτίσματι
530 1282 553 1326 τό
572 1282 609 1339 μὲν
623 1287 702 1339 πνεῦμα
717 1283 765 1339 μετά

46 1352 123 1410 πατρός
137 1354 170 1397 καί
184 1356 231 1398 υίοῦ
250 1352 383 1410 όνομάζομεν,
406 1357 442 1397 τοῦ
461 1353 482 1397 δὲ
501 1353 576 1405 ῦδατος
595 1352 620 1398 οῦ
639 1352 766 1411 μεμνήμεθα,

47 1423 74 1476 ἀς
89 1426 210 1482 φαίνεσθαι,
233 1423 264 1468 ότι
281 1424 304 1468 τό
323 1424 360 1481 μὲν
378 1423 481 1481 σῦμβολον
498 1425 531 1468 καί
548 1427 615 1482 χρείας
632 1423 687 1477 τινός
701 1424 768 1469 ἕνεκεν

47 1494 236 1553 παραλαμβάυεται,
251 1495 274 1541 τό
285 1496 306 1541 δὲ
316 1494 343 1548 ἀς
354 1496 450 1554 ἐνεργοῦν
464 1495 513 1553 μεττί
528 1495 604 1554 πατρός
618 1497 651 1542 καί
665 1499 712 1542 υίοῦ
727 1496 768 1541 ἔπι-

47 1567 175 1624 καλοῦμεθα,
198 1568 238 1611 ἐπεὶ
253 1569 285 1611 καί
301 1566 312 1611 ό
327 1567 397 1625 κῦριος
411 1567 463 1625 πρός
477 1567 511 1612 τό·
532 1566 617 1612 δῦναται
632 1571 659 1620 είς
677 1568 714 1625 τήν
727 1586 795 1618 κοί-αα

48 1640 93 1684 λίαν
108 1642 143 1697 τής
157 1637 232 1698 μητρός
247 1640 344 1683 είσελθείν
358 1639 391 1684 καί
405 1642 542 1698 γευνηθήναι,
557 1637 580 1685 τό
591 1639 611 1694 ἐξ
620 1637 694 1692 ῦδατός
703 1658 724 1685 τε
736 1640 769 1685 καί

48 1709 162 1767 πνεύματος
183 1708 294 1764 ἀντέταξεν.
319 1709 396 1768 Ὥσπερ
417 1710 454 1754 ἐπί
467 1715 502 1768 της
522 1715 609 1768 φυσικῆς
627 1710 738 1768 γεννήσεως
756 1709 769 1767 ἡ

48 1784 113 1845 κοιλία
128 1781 150 1826 τό
166 1780 253 1839 φυσικόν
268 1777 401 1840 ε’ργαστήριόν
416 1782 467 1836 ἐστι,
483 1783 505 1826 ἐν
520 1777 536 1844 ρλ
550 1782 572 1827 τό
587 1781 704 1838 τικτόμενον
722 1782 769 1827 ἀπο-

49 1859 132 1898 τελεῖται
146 1856 193 1913 θείμ
208 1852 301 1910 δυνόιμει,
316 1853 330 1911 ἣ
344 1853 395 1897 κατόι
409 1853 446 1898 τόν
461 1853 541 1898 ἀνωθεν
556 1853 605 1912 όρον
615 1852 665 1897 αῦτό
676 1853 771 1899 διαπλάτ-

49 1943 88 1977 τει,
110 1924 163 1970 οῦτοι
182 1925 215 1969 καί
232 1925 322 1970 ἐνταῦθα
341 1924 364 1969 τό
379 1925 435 1983 ὕδωρ
451 1925 472 1970 ἐν
487 1924 541 1979 τάξει
554 1928 590 1983 τής
604 1924 679 1983 μητρός
696 1926 799 1984 λαμβά-ετ

49 1990 115 2052 νεταί,
130 1997 153 2042 τό
169 1997 190 2042 δὲ
204 2001 284 2053 πνεῦμα
299 1997 321 2041 ἐν
335 1995 389 2049 τάξει
403 2001 440 2041 τοῦ
455 1996 610 2048 διαπλάττοντος
625 1996 729 2043 δεσπότου.

3 2093 5 2097 ν
67 2078 69 2082 ’
91 2071 131 2123 ΙΙΙ,
147 2074 191 2114 λλ·
212 2072 285 2121 Καλῶς
300 2065 363 2113 εἶπεν·
379 2065 424 2113 ὁτά
435 2072 504 2126 φαῦλα
514 2067 619 2126 πράσσαν,
634 2070 668 2114 καὶ
683 2067 694 2115 ό
708 2073 772 2114 ποιοῦν

50 2139 87 2198 τήν
98 2138 205 2198 ἀλήθειαν,
222 2140 268 2185 υῦτε
283 2138 294 2185 ὁ
309 2139 386 2198 πρήξας
396 2132 529 2196 είπῦυ,ὀῦτε
540 2138 550 2185 ό
560 2139 652 2199 ποιήσας.
680 2140 773 2199 Ἐγχυρεί
788 2171 791 2174 -

50 2211 89 2270 γάρ
108 2213 142 2256 καί
159 2211 195 2256 τόν
212 2211 324 2269 ποιήσαντα
341 2211 364 2256 τό
382 2211 445 2257 κακόν
465 2211 576 2270 ἀποστῆναι
593 2212 630 2269 μὲν
644 2217 679 2269 τῆς
692 2213 772 2266 κακίας,

53 2287 103 2329 ίδείν
118 2284 140 2329 δὲ
154 2282 205 2342 πρός
219 2282 242 2328 τό
256 2282 330 2338 καλόν,
353 2285 386 2328 καί
400 2284 437 2329 τόν
450 2288 475 2343 τῇ
490 2283 574 2345 ἀληθεία
588 2287 664 2342 χαίρειν
679 2284 773 2340 ἐπαγγελ-
782 2300 801 2327 ευ

52 2355 138 2413 λόμενον
152 2359 222 2400 νεῦσαι
236 2355 284 2400 ποτὲ
299 2355 350 2414 πρός
364 2355 386 2400 τό
401 2362 473 2413 χεῖρον.
504 2355 543 2400 Διό
564 2354 619 2400 εἶπεν
637 2354 659 2398 τό
677 2353 774 2413 πράσσαυ

52 2429 86 2473 καί
104 2427 127 2473 τό
145 2432 218 2479 ποιῶν,
243 2427 289 2472 οῦτε
308 2426 347 2485 γάρ
367 2427 430 2473 ἔνεστι
447 2428 491 2485 περί
511 2427 548 2485 τήν
562 2429 634 2472 κακίαν
648 2429 775 2485 διακείμενον

53 2497 130 2558 χαίρειν
139 2504 167 2561 τῷ
178 2503 242 2561 καλῷ,
257 2501 291 2544 καί
306 2498 316 2543 ό
331 2503 366 2556 τής
380 2499 476 2557 ἀληθείας
490 2499 573 2556 ἐραστής
589 2497 669 2552 πάντυς
682 2500 724 2554 ’ἐστὶ
735 2504 776 2545 τάν

52 2575 120 2616 καλῶν
135 2570 265 2628 ἒπιθυμήτης.

95 2644 133 2694 lv,
149 2648 167 2687 9.
197 2641 294 2687 Λιδάσκει
309 2640 330 2687 δὲ
340 2639 401 2699 ήμάς,
417 2640 448 2686 ότι
458 2639 495 2699 οῦχ
505 2638 531 2694 τός
542 2640 649 2703 ἓτεροδόξῳ
660 2641 684 2688 δι’
700 2642 776 2702 ἔχθραν
784 2659 802 2685 τε
842 2656 847 2670 ¹

99 2753 287 2794 1.cord.cat.p.75.
313 2760 336 2785 11.
349 2752 398 2785 Gord.
411 2753 442 2784 eat.
455 2761 470 2793 p,
483 2752 510 2784 88.
541 2752 676 2790 ει.1ο11.3,ίι.
700 2755 775 2786 woh.

55 2813 73 2852 3,
85 2812 100 2846 5.
132 2820 157 2846 τι.
174 2811 208 2846 Cat.
226 2812 288 2846 omissa
306 2822 320 2846 vv
333 2804 344 2856 ἣ
356 2811 425 2855 μισοῦσί
437 2810 498 2847 deinde
510 2807 553 2847 αότίι
566 2822 597 2855 ατο
609 2807 660 2847 αῦτό.
689 2821 714 2847 τι.
726 2813 775 2848 Gord,

56 2875 86 2905 σαί,
100 2884 115 2915 p.
128 2873 165 2905 102.
191 2879 215 2903 οε.
228 2872 278 2905 Cord.
292 2874 323 2906 οτλ,
336 2882 352 2913 p.
365 2872 402 2903 λλλ,

119 3022 130 3042 Ε
