<?xml version="1.0" encoding="UTF-8"?>
<!DOCTYPE html PUBLIC "-//W3C//DTD XHTML 1.0 Transitional//EN"
    "http://www.w3.org/TR/xhtml1/DTD/xhtml1-transitional.dtd">
<html xmlns="http://www.w3.org/1999/xhtml" xml:lang="en" lang="en">
 <head>
  <title>
</title>
<meta http-equiv="Content-Type" content="text/html;charset=utf-8" />
  <meta name='ocr-system' content='tesseract 3.04.00' />
  <meta name='ocr-capabilities' content='ocr_page ocr_carea ocr_par ocr_line ocrx_word'/>
</head>
<body>
  <div class='ocr_page' id='page_1' title='image "MN40295ucmf_0_0128.png"; bbox 0 0 1773 3073; ppageno 0'>
   <div class='ocr_carea' id='block_1_1' title="bbox 130 80 624 140">
    <p class='ocr_par' dir='ltr' id='par_1_1' title="bbox 130 80 624 140">
     <span class='ocr_line' id='line_1_1' title="bbox 130 80 624 140; baseline -0.012 0"><span class='ocrx_word' id='word_1_1' title='bbox 130 80 163 140; x_wconf 75' lang='grc' dir='ltr'>ει</span> <span class='ocrx_word' id='word_1_2' title='bbox 351 101 463 135; x_wconf 80' lang='grc' dir='ltr'>εαεοοοιιι</span> <span class='ocrx_word' id='word_1_3' title='bbox 475 100 624 136; x_wconf 81' lang='grc' dir='ltr'>ιιοεεεεεεεαι</span> 
     </span>
    </p>
   </div>
   <div class='ocr_carea' id='block_1_2' title="bbox 68 203 853 2490">
    <p class='ocr_par' dir='ltr' id='par_1_2' title="bbox 133 203 847 264">
     <span class='ocr_line' id='line_1_2' title="bbox 133 203 847 264; baseline -0.008 -8"><span class='ocrx_word' id='word_1_4' title='bbox 133 214 204 264; x_wconf 88' lang='grc' dir='ltr'>οίτιυες</span> <span class='ocrx_word' id='word_1_5' title='bbox 221 206 334 264; x_wconf 78' lang='grc' dir='ltr'>ἐσώθησαν,</span> <span class='ocrx_word' id='word_1_6' title='bbox 357 204 368 249; x_wconf 88' lang='grc' dir='ltr'><strong><em>ὁ</em></strong></span> <span class='ocrx_word' id='word_1_7' title='bbox 391 203 502 259; x_wconf 74' lang='grc' dir='ltr'><em>ἀπόστολος</em></span> <span class='ocrx_word' id='word_1_8' title='bbox 523 206 555 252; x_wconf 79' lang='grc' dir='ltr'>ἐπὶ</span> <span class='ocrx_word' id='word_1_9' title='bbox 576 211 612 251; x_wconf 92' lang='grc' dir='ltr'>τοῦ</span> <span class='ocrx_word' id='word_1_10' title='bbox 634 205 734 264; x_wconf 82' lang='grc' dir='ltr'>παρόντος</span> <span class='ocrx_word' id='word_1_11' title='bbox 751 203 847 263; x_wconf 77' lang='grc' dir='ltr'>ἐχρήσατο</span> 
     </span>
    </p>

    <p class='ocr_par' dir='ltr' id='par_1_3' title="bbox 68 275 850 838">
     <span class='ocr_line' id='line_1_3' title="bbox 68 275 847 343; baseline 0.001 -24"><span class='ocrx_word' id='word_1_12' title='bbox 68 314 69 319; x_wconf 73' lang='grc'>,</span> <span class='ocrx_word' id='word_1_13' title='bbox 131 287 156 343; x_wconf 65' lang='grc' dir='ltr'>τῇ</span> <span class='ocrx_word' id='word_1_14' title='bbox 172 280 269 340; x_wconf 80' lang='grc' dir='ltr'>μαρτυρίᾳ</span> <span class='ocrx_word' id='word_1_15' title='bbox 288 280 325 322; x_wconf 91' lang='grc' dir='ltr'>τοῦ</span> <span class='ocrx_word' id='word_1_16' title='bbox 340 275 408 335; x_wconf 77' lang='grc' dir='ltr'>Ὠσηὲ,</span> <span class='ocrx_word' id='word_1_17' title='bbox 431 281 506 336; x_wconf 85' lang='grc' dir='ltr'>είρηται</span> <span class='ocrx_word' id='word_1_18' title='bbox 523 279 562 336; x_wconf 85' lang='grc' dir='ltr'>γύρ</span> <span class='ocrx_word' id='word_1_19' title='bbox 579 280 624 336; x_wconf 80' lang='grc' dir='ltr'>περὶ</span> <span class='ocrx_word' id='word_1_20' title='bbox 644 278 746 323; x_wconf 76' lang='grc' dir='ltr'><em>Ἰουδαίων</em></span> <span class='ocrx_word' id='word_1_21' title='bbox 768 280 847 334; x_wconf 79' lang='grc' dir='ltr'>σαφῶς,</span> 
     </span>
     <span class='ocr_line' id='line_1_4' title="bbox 131 347 848 407; baseline -0.01 -8"><span class='ocrx_word' id='word_1_22' title='bbox 131 353 171 399; x_wconf 72' lang='grc' dir='ltr'>ἀλλ’</span> <span class='ocrx_word' id='word_1_23' title='bbox 186 350 213 402; x_wconf 82' lang='grc' dir='ltr'>ώς</span> <span class='ocrx_word' id='word_1_24' title='bbox 227 348 327 407; x_wconf 73' lang='grc' dir='ltr'>δυναμένῃ</span> <span class='ocrx_word' id='word_1_25' title='bbox 342 348 445 394; x_wconf 86' lang='grc' dir='ltr'>δεικνύναι</span> <span class='ocrx_word' id='word_1_26' title='bbox 460 349 490 394; x_wconf 82' lang='grc' dir='ltr'>ὅτι</span> <span class='ocrx_word' id='word_1_27' title='bbox 507 349 571 407; x_wconf 87' lang='grc' dir='ltr'>φύσιν</span> <span class='ocrx_word' id='word_1_28' title='bbox 589 349 632 395; x_wconf 85' lang='grc' dir='ltr'>οῦκ·</span> <span class='ocrx_word' id='word_1_29' title='bbox 641 353 727 395; x_wconf 73' lang='grc' dir='ltr'>αἰδεῖται</span> <span class='ocrx_word' id='word_1_30' title='bbox 743 347 800 403; x_wconf 81' lang='grc' dir='ltr'>θεὸς,</span> <span class='ocrx_word' id='word_1_31' title='bbox 816 351 848 393; x_wconf 71' lang='grc' dir='ltr'>δο»</span> 
     </span>
     <span class='ocr_line' id='line_1_5' title="bbox 130 418 848 480; baseline -0.008 -10"><span class='ocrx_word' id='word_1_32' title='bbox 130 425 223 480; x_wconf 90' lang='grc' dir='ltr'>κιμασίαυ</span> <span class='ocrx_word' id='word_1_33' title='bbox 239 420 261 464; x_wconf 77' lang='grc' dir='ltr'>δὲ</span> <span class='ocrx_word' id='word_1_34' title='bbox 277 419 355 478; x_wconf 77' lang='grc' dir='ltr'>τρόπον</span> <span class='ocrx_word' id='word_1_35' title='bbox 369 427 472 466; x_wconf 80' lang='grc' dir='ltr'>ποιεῖσθαι</span> <span class='ocrx_word' id='word_1_36' title='bbox 486 424 567 477; x_wconf 86' lang='grc' dir='ltr'>είωθεν,</span> <span class='ocrx_word' id='word_1_37' title='bbox 586 421 638 468; x_wconf 79' lang='grc' dir='ltr'>ὅπου</span> <span class='ocrx_word' id='word_1_38' title='bbox 652 440 674 479; x_wconf 90' lang='grc' dir='ltr'>γε</span> <span class='ocrx_word' id='word_1_39' title='bbox 688 421 721 466; x_wconf 83' lang='grc' dir='ltr'>καί</span> <span class='ocrx_word' id='word_1_40' title='bbox 737 418 848 472; x_wconf 74' lang='grc' dir='ltr'>Ἰουδαίους</span> 
     </span>
     <span class='ocr_line' id='line_1_6' title="bbox 115 491 848 551; baseline -0.001 -14"><span class='ocrx_word' id='word_1_41' title='bbox 115 491 272 549; x_wconf 75' lang='grc' dir='ltr'>εύπεποιήσατο,</span> <span class='ocrx_word' id='word_1_42' title='bbox 287 492 335 549; x_wconf 88' lang='grc' dir='ltr'>τούς</span> <span class='ocrx_word' id='word_1_43' title='bbox 349 492 466 550; x_wconf 81' lang='grc' dir='ltr'>μοχθηρούς</span> <span class='ocrx_word' id='word_1_44' title='bbox 481 493 540 546; x_wconf 85' lang='grc' dir='ltr'>όντας</span> <span class='ocrx_word' id='word_1_45' title='bbox 554 493 592 551; x_wconf 77' lang='grc' dir='ltr'>τὴν</span> <span class='ocrx_word' id='word_1_46' title='bbox 605 493 687 550; x_wconf 88' lang='grc' dir='ltr'>γνώμην</span> <span class='ocrx_word' id='word_1_47' title='bbox 702 492 740 549; x_wconf 79' lang='grc' dir='ltr'>οὐχ</span> <span class='ocrx_word' id='word_1_48' title='bbox 755 491 848 549; x_wconf 76' lang='grc' dir='ltr'>ἑλόμενος</span> 
     </span>
     <span class='ocr_line' id='line_1_7' title="bbox 128 563 850 625; baseline -0.004 -13"><span class='ocrx_word' id='word_1_49' title='bbox 128 570 209 625; x_wconf 78' lang='grc' dir='ltr'>τιμῆσαι</span> <span class='ocrx_word' id='word_1_50' title='bbox 223 563 257 609; x_wconf 85' lang='grc' dir='ltr'>διδ</span> <span class='ocrx_word' id='word_1_51' title='bbox 271 564 309 623; x_wconf 80' lang='grc' dir='ltr'>την</span> <span class='ocrx_word' id='word_1_52' title='bbox 324 565 396 623; x_wconf 83' lang='grc' dir='ltr'>φύσιν,</span> <span class='ocrx_word' id='word_1_53' title='bbox 417 567 450 610; x_wconf 88' lang='grc' dir='ltr'>καί</span> <span class='ocrx_word' id='word_1_54' title='bbox 466 564 581 612; x_wconf 89' lang='grc' dir='ltr'>υίκειώσατο</span> <span class='ocrx_word' id='word_1_55' title='bbox 596 564 657 610; x_wconf 84' lang='grc' dir='ltr'>πόλιν</span> <span class='ocrx_word' id='word_1_56' title='bbox 672 563 747 616; x_wconf 80' lang='grc' dir='ltr'>αύτούς</span> <span class='ocrx_word' id='word_1_57' title='bbox 764 569 850 623; x_wconf 85' lang='grc' dir='ltr'>μεταβα-</span> 
     </span>
     <span class='ocr_line' id='line_1_8' title="bbox 129 636 849 697; baseline -0.007 -13"><span class='ocrx_word' id='word_1_58' title='bbox 129 638 225 697; x_wconf 75' lang='grc' dir='ltr'>λομένους</span> <span class='ocrx_word' id='word_1_59' title='bbox 238 636 275 682; x_wconf 86' lang='grc' dir='ltr'>τόν</span> <span class='ocrx_word' id='word_1_60' title='bbox 288 637 373 695; x_wconf 83' lang='grc' dir='ltr'>τρόπον’</span> <span class='ocrx_word' id='word_1_61' title='bbox 395 642 455 683; x_wconf 93' lang='grc' dir='ltr'>τοῦτο</span> <span class='ocrx_word' id='word_1_62' title='bbox 472 637 510 697; x_wconf 86' lang='grc' dir='ltr'>γύρ</span> <span class='ocrx_word' id='word_1_63' title='bbox 528 639 559 683; x_wconf 74' lang='grc' dir='ltr'>ἐπὶ</span> <span class='ocrx_word' id='word_1_64' title='bbox 576 642 611 695; x_wconf 79' lang='grc' dir='ltr'>τῆς</span> <span class='ocrx_word' id='word_1_65' title='bbox 627 637 731 696; x_wconf 88' lang='grc' dir='ltr'>παρούσης</span> <span class='ocrx_word' id='word_1_66' title='bbox 749 639 849 682; x_wconf 72' lang='grc' dir='ltr'>δείκνυται</span> 
     </span>
     <span class='ocr_line' id='line_1_9' title="bbox 129 708 847 768; baseline -0.003 -13"><span class='ocrx_word' id='word_1_67' title='bbox 129 710 247 768; x_wconf 89' lang='grc' dir='ltr'>μαρτυρίας,</span> <span class='ocrx_word' id='word_1_68' title='bbox 268 708 318 753; x_wconf 81' lang='grc' dir='ltr'>ὅθεν</span> <span class='ocrx_word' id='word_1_69' title='bbox 335 711 368 754; x_wconf 87' lang='grc' dir='ltr'>καλ</span> <span class='ocrx_word' id='word_1_70' title='bbox 386 708 410 753; x_wconf 82' lang='grc' dir='ltr'>δι’</span> <span class='ocrx_word' id='word_1_71' title='bbox 429 709 496 766; x_wconf 74' lang='grc' dir='ltr'>ἑτέρας</span> <span class='ocrx_word' id='word_1_72' title='bbox 513 710 536 755; x_wconf 87' lang='grc' dir='ltr'>τό</span> <span class='ocrx_word' id='word_1_73' title='bbox 554 708 603 753; x_wconf 81' lang='grc' dir='ltr'>αῦτό</span> <span class='ocrx_word' id='word_1_74' title='bbox 619 708 751 765; x_wconf 73' lang='grc' dir='ltr'>πιστούμενος</span> <span class='ocrx_word' id='word_1_75' title='bbox 769 708 847 765; x_wconf 77' lang='grc' dir='ltr'>ἐπείγει·</span> 
     </span>
     <span class='ocr_line' id='line_1_10' title="bbox 128 778 479 838; baseline 0.003 -13"><span class='ocrx_word' id='word_1_76' title='bbox 128 779 211 832; x_wconf 82' lang='grc' dir='ltr'>Ἠσαίας</span> <span class='ocrx_word' id='word_1_77' title='bbox 226 778 247 824; x_wconf 73' lang='grc' dir='ltr'>δὲ</span> <span class='ocrx_word' id='word_1_78' title='bbox 261 779 328 837; x_wconf 77' lang='grc' dir='ltr'>κρώζει</span> <span class='ocrx_word' id='word_1_79' title='bbox 342 781 374 825; x_wconf 90' lang='grc' dir='ltr'>καί</span> <span class='ocrx_word' id='word_1_80' title='bbox 388 778 413 825; x_wconf 83' lang='grc' dir='ltr'>τίι</span> <span class='ocrx_word' id='word_1_81' title='bbox 429 779 479 838; x_wconf 75' lang='grc' dir='ltr'>ἑξῆς.</span> 
     </span>
    </p>

    <p class='ocr_par' dir='ltr' id='par_1_4' title="bbox 105 850 851 1196">
     <span class='ocr_line' id='line_1_11' title="bbox 105 850 850 911; baseline -0.001 -15"><span class='ocrx_word' id='word_1_82' title='bbox 105 867 123 896; x_wconf 83' lang='grc' dir='ltr'>ιι</span> <span class='ocrx_word' id='word_1_83' title='bbox 171 853 211 902; x_wconf 83' lang='grc' dir='ltr'>ΙΧ,</span> <span class='ocrx_word' id='word_1_84' title='bbox 227 855 259 895; x_wconf 75' lang='lat'>27.</span> <span class='ocrx_word' id='word_1_85' title='bbox 289 852 329 895; x_wconf 85' lang='grc' dir='ltr'>Καί</span> <span class='ocrx_word' id='word_1_86' title='bbox 344 850 369 896; x_wconf 80' lang='grc' dir='ltr'>δι’</span> <span class='ocrx_word' id='word_1_87' title='bbox 381 850 448 909; x_wconf 77' lang='grc' dir='ltr'>ἑτέρας</span> <span class='ocrx_word' id='word_1_88' title='bbox 457 854 567 911; x_wconf 90' lang='grc' dir='ltr'>μαρτυρίας</span> <span class='ocrx_word' id='word_1_89' title='bbox 577 850 599 896; x_wconf 89' lang='grc' dir='ltr'>τό</span> <span class='ocrx_word' id='word_1_90' title='bbox 611 850 660 896; x_wconf 87' lang='grc' dir='ltr'>αύτδ</span> <span class='ocrx_word' id='word_1_91' title='bbox 670 853 784 896; x_wconf 83' lang='grc' dir='ltr'>πιστοῦται’</span> <span class='ocrx_word' id='word_1_92' title='bbox 799 850 850 908; x_wconf 88' lang='grc' dir='ltr'>λε’γει</span> 
     </span>
     <span class='ocr_line' id='line_1_12' title="bbox 129 918 850 984; baseline -0.001 -14"><span class='ocrx_word' id='word_1_93' title='bbox 129 923 168 984; x_wconf 86' lang='grc' dir='ltr'>γδρ</span> <span class='ocrx_word' id='word_1_94' title='bbox 184 922 194 969; x_wconf 85' lang='grc' dir='ltr'>δ</span> <span class='ocrx_word' id='word_1_95' title='bbox 209 921 321 981; x_wconf 72' lang='grc' dir='ltr'>προφήτης,</span> <span class='ocrx_word' id='word_1_96' title='bbox 338 923 367 969; x_wconf 85' lang='grc' dir='ltr'>ότι</span> <span class='ocrx_word' id='word_1_97' title='bbox 382 922 421 969; x_wconf 83' lang='grc' dir='ltr'>κίίυ</span> <span class='ocrx_word' id='word_1_98' title='bbox 435 923 485 969; x_wconf 88' lang='grc' dir='ltr'>καταλ</span> <span class='ocrx_word' id='word_1_99' title='bbox 499 923 536 982; x_wconf 79' lang='grc' dir='ltr'>την</span> <span class='ocrx_word' id='word_1_100' title='bbox 551 923 617 981; x_wconf 86' lang='grc' dir='ltr'>ίίμμον</span> <span class='ocrx_word' id='word_1_101' title='bbox 631 927 666 981; x_wconf 81' lang='grc' dir='ltr'>τῆς</span> <span class='ocrx_word' id='word_1_102' title='bbox 681 922 784 981; x_wconf 77' lang='grc' dir='ltr'>θαλάσσης</span> <span class='ocrx_word' id='word_1_103' title='bbox 801 918 850 969; x_wconf 85' lang='grc' dir='ltr'>ώσιυ</span> 
     </span>
     <span class='ocr_line' id='line_1_13' title="bbox 131 993 850 1054; baseline -0.003 -13"><span class='ocrx_word' id='word_1_104' title='bbox 131 1000 151 1041; x_wconf 92' lang='grc' dir='ltr'>οί</span> <span class='ocrx_word' id='word_1_105' title='bbox 162 995 280 1053; x_wconf 79' lang='grc' dir='ltr'>Ἰσραηλῖται</span> <span class='ocrx_word' id='word_1_106' title='bbox 298 994 379 1053; x_wconf 73' lang='grc' dir='ltr'>πλήθει,</span> <span class='ocrx_word' id='word_1_107' title='bbox 400 993 464 1052; x_wconf 84' lang='grc' dir='ltr'>ὀλίγοι</span> <span class='ocrx_word' id='word_1_108' title='bbox 481 996 608 1054; x_wconf 73' lang='grc' dir='ltr'>σωθήσονται</span> <span class='ocrx_word' id='word_1_109' title='bbox 625 994 658 1039; x_wconf 75' lang='grc' dir='ltr'>ἀπ’</span> <span class='ocrx_word' id='word_1_110' title='bbox 677 994 745 1039; x_wconf 83' lang='grc' dir='ltr'>αύτῦν</span> <span class='ocrx_word' id='word_1_111' title='bbox 762 998 782 1038; x_wconf 88' lang='grc' dir='ltr'>οί</span> <span class='ocrx_word' id='word_1_112' title='bbox 797 995 850 1049; x_wconf 79' lang='grc' dir='ltr'>ίίξιοι</span> 
     </span>
     <span class='ocr_line' id='line_1_14' title="bbox 130 1065 851 1126; baseline -0.001 -13"><span class='ocrx_word' id='word_1_113' title='bbox 130 1073 171 1113; x_wconf 85' lang='grc' dir='ltr'>τών</span> <span class='ocrx_word' id='word_1_114' title='bbox 185 1065 312 1126; x_wconf 86' lang='grc' dir='ltr'>κρειττόνων,</span> <span class='ocrx_word' id='word_1_115' title='bbox 327 1068 359 1112; x_wconf 81' lang='grc' dir='ltr'>καί</span> <span class='ocrx_word' id='word_1_116' title='bbox 369 1065 406 1124; x_wconf 78' lang='grc' dir='ltr'>την</span> <span class='ocrx_word' id='word_1_117' title='bbox 416 1067 548 1125; x_wconf 71' lang='grc' dir='ltr'>γεγενημένην</span> <span class='ocrx_word' id='word_1_118' title='bbox 562 1066 612 1124; x_wconf 88' lang='grc' dir='ltr'>πρός</span> <span class='ocrx_word' id='word_1_119' title='bbox 626 1066 673 1119; x_wconf 87' lang='grc' dir='ltr'>τούς</span> <span class='ocrx_word' id='word_1_120' title='bbox 687 1065 775 1124; x_wconf 75' lang='grc' dir='ltr'>πατέρας</span> <span class='ocrx_word' id='word_1_121' title='bbox 790 1068 851 1125; x_wconf 69' lang='grc' dir='ltr'>ἔπαγ-</span> 
     </span>
     <span class='ocr_line' id='line_1_15' title="bbox 130 1129 850 1196; baseline -0.001 -12"><span class='ocrx_word' id='word_1_122' title='bbox 130 1142 197 1196; x_wconf 90' lang='grc' dir='ltr'>γελίαν</span> <span class='ocrx_word' id='word_1_123' title='bbox 214 1129 266 1195; x_wconf 77' lang='grc' dir='ltr'>περί</span> <span class='ocrx_word' id='word_1_124' title='bbox 278 1142 319 1186; x_wconf 84' lang='grc' dir='ltr'>τών</span> <span class='ocrx_word' id='word_1_125' title='bbox 338 1137 466 1194; x_wconf 77' lang='grc' dir='ltr'>καταγόντων</span> <span class='ocrx_word' id='word_1_126' title='bbox 485 1139 562 1184; x_wconf 77' lang='grc' dir='ltr'>ἐκεῖθεν</span> <span class='ocrx_word' id='word_1_127' title='bbox 581 1138 604 1182; x_wconf 89' lang='grc' dir='ltr'>τδ</span> <span class='ocrx_word' id='word_1_128' title='bbox 623 1138 681 1195; x_wconf 87' lang='grc' dir='ltr'>γίνος</span> <span class='ocrx_word' id='word_1_129' title='bbox 702 1138 804 1195; x_wconf 88' lang='grc' dir='ltr'>συντεμών</span> <span class='ocrx_word' id='word_1_130' title='bbox 823 1141 850 1191; x_wconf 90' lang='grc' dir='ltr'>είς</span> 
     </span>
    </p>

    <p class='ocr_par' dir='ltr' id='par_1_5' title="bbox 106 1206 850 1340">
     <span class='ocr_line' id='line_1_16' title="bbox 106 1206 850 1267; baseline 0 -12"><span class='ocrx_word' id='word_1_131' title='bbox 106 1209 224 1267; x_wconf 83' lang='grc' dir='ltr'>ιεόλίγους,</span> <span class='ocrx_word' id='word_1_132' title='bbox 241 1208 262 1253; x_wconf 77' lang='grc' dir='ltr'>ἐν</span> <span class='ocrx_word' id='word_1_133' title='bbox 277 1207 346 1261; x_wconf 87' lang='grc' dir='ltr'>αύτοίς</span> <span class='ocrx_word' id='word_1_134' title='bbox 360 1207 459 1266; x_wconf 84' lang='grc' dir='ltr'>πληρώσει</span> <span class='ocrx_word' id='word_1_135' title='bbox 473 1208 521 1265; x_wconf 82' lang='grc' dir='ltr'>μεταλ</span> <span class='ocrx_word' id='word_1_136' title='bbox 535 1213 572 1254; x_wconf 87' lang='grc' dir='ltr'>τοῦ</span> <span class='ocrx_word' id='word_1_137' title='bbox 583 1211 662 1254; x_wconf 88' lang='grc' dir='ltr'>δικαίου</span> <span class='ocrx_word' id='word_1_138' title='bbox 671 1213 712 1254; x_wconf 89' lang='grc' dir='ltr'>τών</span> <span class='ocrx_word' id='word_1_139' title='bbox 724 1206 850 1267; x_wconf 86' lang='grc' dir='ltr'>δποσχίσεων</span> 
     </span>
     <span class='ocr_line' id='line_1_17' title="bbox 131 1278 287 1340; baseline -0.006 -15"><span class='ocrx_word' id='word_1_140' title='bbox 131 1281 168 1340; x_wconf 78' lang='grc' dir='ltr'>τὴν</span> <span class='ocrx_word' id='word_1_141' title='bbox 183 1278 287 1337; x_wconf 81' lang='grc' dir='ltr'>οίληθειαυ.</span> 
     </span>
    </p>

    <p class='ocr_par' dir='ltr' id='par_1_6' title="bbox 134 1346 851 1560">
     <span class='ocr_line' id='line_1_18' title="bbox 173 1346 851 1410; baseline -0.001 -12"><span class='ocrx_word' id='word_1_142' title='bbox 173 1353 213 1403; x_wconf 82' lang='lat' dir='ltr'>IX,</span> <span class='ocrx_word' id='word_1_143' title='bbox 229 1357 261 1397; x_wconf 85' lang='lat'>30.</span> <span class='ocrx_word' id='word_1_144' title='bbox 291 1351 349 1410; x_wconf 84' lang='grc' dir='ltr'>Λίγει</span> <span class='ocrx_word' id='word_1_145' title='bbox 363 1350 435 1397; x_wconf 88' lang='grc' dir='ltr'>λοιπόν</span> <span class='ocrx_word' id='word_1_146' title='bbox 449 1351 486 1410; x_wconf 79' lang='grc' dir='ltr'>την</span> <span class='ocrx_word' id='word_1_147' title='bbox 501 1354 566 1397; x_wconf 81' lang='grc' dir='ltr'>αἰτίαν</span> <span class='ocrx_word' id='word_1_148' title='bbox 581 1350 615 1410; x_wconf 74' lang='grc' dir='ltr'>ἀφ’</span> <span class='ocrx_word' id='word_1_149' title='bbox 630 1346 654 1410; x_wconf 76' lang='grc' dir='ltr'>ἧς</span> <span class='ocrx_word' id='word_1_150' title='bbox 666 1350 770 1397; x_wconf 80' lang='grc' dir='ltr'>Ἰουδαίων</span> <span class='ocrx_word' id='word_1_151' title='bbox 784 1353 821 1410; x_wconf 81' lang='grc' dir='ltr'>μὲν</span> <span class='ocrx_word' id='word_1_152' title='bbox 832 1356 851 1397; x_wconf 85' lang='grc' dir='ltr'>ολ</span> 
     </span>
     <span class='ocr_line' id='line_1_19' title="bbox 134 1421 851 1482; baseline 0 -13"><span class='ocrx_word' id='word_1_153' title='bbox 134 1430 221 1469; x_wconf 81' lang='grc' dir='ltr'>πλεῖστοι</span> <span class='ocrx_word' id='word_1_154' title='bbox 234 1428 269 1480; x_wconf 77' lang='grc' dir='ltr'>τῆς</span> <span class='ocrx_word' id='word_1_155' title='bbox 284 1424 403 1482; x_wconf 81' lang='grc' dir='ltr'>οἰκειότητος</span> <span class='ocrx_word' id='word_1_156' title='bbox 418 1424 455 1478; x_wconf 70' lang='grc' dir='ltr'>ἔξω</span> <span class='ocrx_word' id='word_1_157' title='bbox 468 1429 505 1469; x_wconf 89' lang='grc' dir='ltr'>τοῦ</span> <span class='ocrx_word' id='word_1_158' title='bbox 520 1428 571 1469; x_wconf 89' lang='grc' dir='ltr'>θεοῦ</span> <span class='ocrx_word' id='word_1_159' title='bbox 585 1422 700 1481; x_wconf 83' lang='grc' dir='ltr'>γεγόνασιν,</span> <span class='ocrx_word' id='word_1_160' title='bbox 714 1421 815 1482; x_wconf 77' lang='grc' dir='ltr'>Ἑλλήνων</span> <span class='ocrx_word' id='word_1_161' title='bbox 830 1426 851 1470; x_wconf 75' lang='grc' dir='ltr'>δὲ</span> 
     </span>
     <span class='ocr_line' id='line_1_20' title="bbox 134 1494 851 1560; baseline 0.001 -19"><span class='ocrx_word' id='word_1_162' title='bbox 134 1495 171 1542; x_wconf 87' lang='grc' dir='ltr'>οῦκ</span> <span class='ocrx_word' id='word_1_163' title='bbox 185 1494 328 1554; x_wconf 67' lang='grc' dir='ltr'>εῦαριθμιίτοις</span> <span class='ocrx_word' id='word_1_164' title='bbox 342 1495 396 1553; x_wconf 87' lang='grc' dir='ltr'>παρδ</span> <span class='ocrx_word' id='word_1_165' title='bbox 411 1500 478 1542; x_wconf 78' lang='grc' dir='ltr'>πᾶσαν</span> <span class='ocrx_word' id='word_1_166' title='bbox 493 1497 562 1542; x_wconf 77' lang='grc' dir='ltr'>ἐλπίδα</span> <span class='ocrx_word' id='word_1_167' title='bbox 576 1494 650 1554; x_wconf 90' lang='grc' dir='ltr'>ταύτης</span> <span class='ocrx_word' id='word_1_168' title='bbox 656 1501 730 1560; x_wconf 62' lang='grc' dir='ltr'>ιταγεῖν</span> <span class='ocrx_word' id='word_1_169' title='bbox 743 1496 851 1554; x_wconf 77' lang='grc' dir='ltr'>ἐνεγένετο</span> 
     </span>
    </p>

    <p class='ocr_par' dir='ltr' id='par_1_7' title="bbox 108 1563 853 2490">
     <span class='ocr_line' id='line_1_21' title="bbox 108 1563 851 1626; baseline 0 -13"><span class='ocrx_word' id='word_1_170' title='bbox 108 1570 166 1613; x_wconf 80' lang='grc' dir='ltr'>οοκαλ</span> <span class='ocrx_word' id='word_1_171' title='bbox 183 1568 222 1624; x_wconf 89' lang='grc' dir='ltr'>γόιρ</span> <span class='ocrx_word' id='word_1_172' title='bbox 240 1563 266 1624; x_wconf 73' lang='grc' dir='ltr'>ἦν</span> <span class='ocrx_word' id='word_1_173' title='bbox 283 1568 399 1612; x_wconf 81' lang='grc' dir='ltr'>ύκόλουθον</span> <span class='ocrx_word' id='word_1_174' title='bbox 415 1568 451 1612; x_wconf 86' lang='grc' dir='ltr'>τόν</span> <span class='ocrx_word' id='word_1_175' title='bbox 471 1568 562 1625; x_wconf 80' lang='grc' dir='ltr'>εἰρηκότα</span> <span class='ocrx_word' id='word_1_176' title='bbox 580 1572 620 1611; x_wconf 83' lang='grc' dir='ltr'>τών</span> <span class='ocrx_word' id='word_1_177' title='bbox 635 1569 671 1623; x_wconf 76' lang='grc' dir='ltr'>μὲν</span> <span class='ocrx_word' id='word_1_178' title='bbox 685 1569 721 1625; x_wconf 81' lang='grc' dir='ltr'>τὴν</span> <span class='ocrx_word' id='word_1_179' title='bbox 739 1568 851 1626; x_wconf 71' lang='grc' dir='ltr'>ἀποβολὴν,</span> 
     </span>
     <span class='ocr_line' id='line_1_22' title="bbox 134 1636 851 1696; baseline 0 -12"><span class='ocrx_word' id='word_1_180' title='bbox 134 1643 174 1685; x_wconf 82' lang='grc' dir='ltr'>νῦν</span> <span class='ocrx_word' id='word_1_181' title='bbox 189 1638 211 1685; x_wconf 82' lang='grc' dir='ltr'>δὲ</span> <span class='ocrx_word' id='word_1_182' title='bbox 224 1636 262 1694; x_wconf 80' lang='grc' dir='ltr'>τὴν</span> <span class='ocrx_word' id='word_1_183' title='bbox 277 1640 383 1689; x_wconf 87' lang='grc' dir='ltr'>οίκείωσιυ,</span> <span class='ocrx_word' id='word_1_184' title='bbox 399 1645 519 1696; x_wconf 77' lang='grc' dir='ltr'>προσθεῖναι</span> <span class='ocrx_word' id='word_1_185' title='bbox 533 1637 570 1696; x_wconf 72' lang='grc' dir='ltr'>τὴν</span> <span class='ocrx_word' id='word_1_186' title='bbox 583 1637 676 1694; x_wconf 76' lang='grc' dir='ltr'>ἑκατέρου</span> <span class='ocrx_word' id='word_1_187' title='bbox 688 1638 766 1684; x_wconf 85' lang='grc' dir='ltr'>τούτων</span> <span class='ocrx_word' id='word_1_188' title='bbox 779 1641 851 1685; x_wconf 89' lang='grc' dir='ltr'>αίτίαν·</span> 
     </span>
     <span class='ocr_line' id='line_1_23' title="bbox 134 1705 852 1769; baseline 0.003 -14"><span class='ocrx_word' id='word_1_189' title='bbox 134 1710 166 1755; x_wconf 86' lang='grc' dir='ltr'>διὸ</span> <span class='ocrx_word' id='word_1_190' title='bbox 181 1711 239 1769; x_wconf 84' lang='grc' dir='ltr'>φησί·</span> <span class='ocrx_word' id='word_1_191' title='bbox 253 1712 272 1754; x_wconf 91' lang='grc' dir='ltr'>τί</span> <span class='ocrx_word' id='word_1_192' title='bbox 286 1705 324 1754; x_wconf 85' lang='grc' dir='ltr'>οῦν</span> <span class='ocrx_word' id='word_1_193' title='bbox 339 1711 423 1766; x_wconf 77' lang='grc' dir='ltr'>ἐροῦμεν</span> <span class='ocrx_word' id='word_1_194' title='bbox 439 1710 469 1754; x_wconf 81' lang='grc' dir='ltr'>ὅτι</span> <span class='ocrx_word' id='word_1_195' title='bbox 479 1711 528 1769; x_wconf 68' lang='grc' dir='ltr'>ἔθνη</span> <span class='ocrx_word' id='word_1_196' title='bbox 538 1709 562 1755; x_wconf 82' lang='grc' dir='ltr'>τοί</span> <span class='ocrx_word' id='word_1_197' title='bbox 573 1709 599 1767; x_wconf 79' lang='grc' dir='ltr'>μὴ</span> <span class='ocrx_word' id='word_1_198' title='bbox 610 1709 708 1756; x_wconf 88' lang='grc' dir='ltr'>διώκοντα</span> <span class='ocrx_word' id='word_1_199' title='bbox 721 1711 852 1769; x_wconf 90' lang='grc' dir='ltr'>δικαιοσύνην</span> 
     </span>
     <span class='ocr_line' id='line_1_24' title="bbox 134 1780 851 1841; baseline 0.001 -14"><span class='ocrx_word' id='word_1_200' title='bbox 134 1783 168 1827; x_wconf 81' lang='grc' dir='ltr'>καί</span> <span class='ocrx_word' id='word_1_201' title='bbox 181 1781 206 1827; x_wconf 85' lang='grc' dir='ltr'>τίι</span> <span class='ocrx_word' id='word_1_202' title='bbox 221 1780 269 1839; x_wconf 78' lang='grc' dir='ltr'>ἑξῆς,</span> <span class='ocrx_word' id='word_1_203' title='bbox 301 1783 325 1825; x_wconf 84' lang='grc' dir='ltr'>Τί</span> <span class='ocrx_word' id='word_1_204' title='bbox 338 1784 407 1826; x_wconf 88' lang='grc' dir='ltr'>τοίνυν</span> <span class='ocrx_word' id='word_1_205' title='bbox 422 1784 510 1839; x_wconf 87' lang='grc' dir='ltr'>είποιμεν</span> <span class='ocrx_word' id='word_1_206' title='bbox 525 1782 550 1827; x_wconf 87' lang='grc' dir='ltr'>ίίν</span> <span class='ocrx_word' id='word_1_207' title='bbox 565 1793 635 1839; x_wconf 80' lang='grc' dir='ltr'>φησιν,</span> <span class='ocrx_word' id='word_1_208' title='bbox 657 1781 687 1826; x_wconf 85' lang='grc' dir='ltr'>ότι</span> <span class='ocrx_word' id='word_1_209' title='bbox 700 1780 801 1841; x_wconf 79' lang='grc' dir='ltr'>Ἑλλήνων</span> <span class='ocrx_word' id='word_1_210' title='bbox 815 1784 851 1841; x_wconf 76' lang='grc' dir='ltr'>μὲν</span> 
     </span>
     <span class='ocr_line' id='line_1_25' title="bbox 135 1852 852 1914; baseline 0.003 -15"><span class='ocrx_word' id='word_1_211' title='bbox 135 1853 173 1899; x_wconf 84' lang='grc' dir='ltr'>οὐκ</span> <span class='ocrx_word' id='word_1_212' title='bbox 192 1852 254 1910; x_wconf 77' lang='grc' dir='ltr'>ὀλίγοι</span> <span class='ocrx_word' id='word_1_213' title='bbox 273 1857 307 1911; x_wconf 79' lang='grc' dir='ltr'>της</span> <span class='ocrx_word' id='word_1_214' title='bbox 328 1852 447 1907; x_wconf 82' lang='grc' dir='ltr'>δικαιώσεως</span> <span class='ocrx_word' id='word_1_215' title='bbox 468 1854 549 1912; x_wconf 77' lang='grc' dir='ltr'>ἔτυχον,</span> <span class='ocrx_word' id='word_1_216' title='bbox 570 1853 742 1912; x_wconf 72' lang='grc' dir='ltr'>προσεληλυθότας</span> <span class='ocrx_word' id='word_1_217' title='bbox 761 1859 785 1914; x_wconf 78' lang='grc' dir='ltr'>τῇ</span> <span class='ocrx_word' id='word_1_218' title='bbox 808 1857 852 1912; x_wconf 84' lang='grc' dir='ltr'>περί</span> 
     </span>
     <span class='ocr_line' id='line_1_26' title="bbox 108 1924 852 1987; baseline 0.004 -17"><span class='ocrx_word' id='word_1_219' title='bbox 108 1942 127 1970; x_wconf 72' lang='grc' dir='ltr'>ιε</span> <span class='ocrx_word' id='word_1_220' title='bbox 136 1929 226 1984; x_wconf 77' lang='grc' dir='ltr'>Χριστοῦ</span> <span class='ocrx_word' id='word_1_221' title='bbox 236 1927 363 1987; x_wconf 80' lang='grc' dir='ltr'>διδασκαλία,</span> <span class='ocrx_word' id='word_1_222' title='bbox 378 1928 464 1983; x_wconf 80' lang='grc' dir='ltr'>καίτοιγε</span> <span class='ocrx_word' id='word_1_223' title='bbox 475 1925 570 1972; x_wconf 87' lang='grc' dir='ltr'>οῦδίποτε</span> <span class='ocrx_word' id='word_1_224' title='bbox 580 1924 680 1984; x_wconf 76' lang='grc' dir='ltr'>εὐσεβείας</span> <span class='ocrx_word' id='word_1_225' title='bbox 693 1927 852 1985; x_wconf 71' lang='grc' dir='ltr'>ίπιμεληθὲντεςς</span> 
     </span>
     <span class='ocr_line' id='line_1_27' title="bbox 135 1995 852 2058; baseline 0.004 -15"><span class='ocrx_word' id='word_1_226' title='bbox 135 2002 177 2051; x_wconf 85' lang='grc' dir='ltr'>πώς</span> <span class='ocrx_word' id='word_1_227' title='bbox 191 1995 239 2057; x_wconf 70' lang='grc' dir='ltr'>γαρ·</span> <span class='ocrx_word' id='word_1_228' title='bbox 254 2000 276 2042; x_wconf 86' lang='grc' dir='ltr'>οί</span> <span class='ocrx_word' id='word_1_229' title='bbox 287 2016 309 2055; x_wconf 87' lang='grc' dir='ltr'>γε</span> <span class='ocrx_word' id='word_1_230' title='bbox 323 2005 365 2052; x_wconf 83' lang='grc' dir='ltr'>τοῖς</span> <span class='ocrx_word' id='word_1_231' title='bbox 374 1997 462 2052; x_wconf 81' lang='grc' dir='ltr'>εἰδώλοις</span> <span class='ocrx_word' id='word_1_232' title='bbox 473 2005 586 2058; x_wconf 77' lang='grc' dir='ltr'>προσεῖχον,</span> <span class='ocrx_word' id='word_1_233' title='bbox 601 1996 704 2044; x_wconf 81' lang='grc' dir='ltr'>Ἰουδαίων</span> <span class='ocrx_word' id='word_1_234' title='bbox 719 1999 740 2043; x_wconf 75' lang='grc' dir='ltr'>δὲ</span> <span class='ocrx_word' id='word_1_235' title='bbox 755 1999 792 2054; x_wconf 76' lang='grc' dir='ltr'>ἔξω</span> <span class='ocrx_word' id='word_1_236' title='bbox 805 1999 852 2046; x_wconf 89' lang='grc' dir='ltr'>ταύ-</span> 
     </span>
     <span class='ocr_line' id='line_1_28' title="bbox 135 2069 852 2132; baseline 0.004 -17"><span class='ocrx_word' id='word_1_237' title='bbox 135 2088 169 2129; x_wconf 91' lang='grc' dir='ltr'>της</span> <span class='ocrx_word' id='word_1_238' title='bbox 183 2069 275 2129; x_wconf 76' lang='grc' dir='ltr'>ἐγίνοντο</span> <span class='ocrx_word' id='word_1_239' title='bbox 290 2073 309 2115; x_wconf 87' lang='grc' dir='ltr'>οί</span> <span class='ocrx_word' id='word_1_240' title='bbox 325 2076 413 2116; x_wconf 81' lang='grc' dir='ltr'>πλεῖστοι</span> <span class='ocrx_word' id='word_1_241' title='bbox 430 2071 512 2130; x_wconf 80' lang='grc' dir='ltr'>όίνδρες,</span> <span class='ocrx_word' id='word_1_242' title='bbox 535 2070 564 2117; x_wconf 83' lang='grc' dir='ltr'>ολεί</span> <span class='ocrx_word' id='word_1_243' title='bbox 581 2075 608 2131; x_wconf 75' lang='grc' dir='ltr'>τῷ</span> <span class='ocrx_word' id='word_1_244' title='bbox 627 2069 682 2132; x_wconf 82' lang='grc' dir='ltr'>νόμῳ</span> <span class='ocrx_word' id='word_1_245' title='bbox 701 2072 805 2131; x_wconf 77' lang='grc' dir='ltr'>προσέχειν</span> <span class='ocrx_word' id='word_1_246' title='bbox 823 2072 852 2118; x_wconf 81' lang='grc' dir='ltr'>ἐπ’</span> 
     </span>
     <span class='ocr_line' id='line_1_29' title="bbox 135 2141 853 2201; baseline 0.003 -13"><span class='ocrx_word' id='word_1_247' title='bbox 135 2144 198 2188; x_wconf 81' lang='grc' dir='ltr'>ε’λπίδι</span> <span class='ocrx_word' id='word_1_248' title='bbox 218 2146 253 2199; x_wconf 77' lang='grc' dir='ltr'>τῆς</span> <span class='ocrx_word' id='word_1_249' title='bbox 273 2142 393 2195; x_wconf 77' lang='grc' dir='ltr'>δικαιώσεως</span> <span class='ocrx_word' id='word_1_250' title='bbox 412 2141 575 2201; x_wconf 76' lang='grc' dir='ltr'>ὑπισχνούμενοι.</span> <span class='ocrx_word' id='word_1_251' title='bbox 612 2141 639 2187; x_wconf 67' lang='lat' dir='ltr'>T&amp;</span> <span class='ocrx_word' id='word_1_252' title='bbox 658 2144 694 2200; x_wconf 77' lang='grc' dir='ltr'>μὲν</span> <span class='ocrx_word' id='word_1_253' title='bbox 714 2143 753 2201; x_wconf 85' lang='grc' dir='ltr'>γδρ</span> <span class='ocrx_word' id='word_1_254' title='bbox 774 2144 853 2191; x_wconf 90' lang='grc' dir='ltr'>διώκων</span> 
     </span>
     <span class='ocr_line' id='line_1_30' title="bbox 134 2204 853 2273; baseline 0.001 -12"><span class='ocrx_word' id='word_1_255' title='bbox 134 2215 198 2273; x_wconf 88' lang='grc' dir='ltr'>νόμον</span> <span class='ocrx_word' id='word_1_256' title='bbox 213 2213 342 2273; x_wconf 79' lang='grc' dir='ltr'>δικαιοσύνης</span> <span class='ocrx_word' id='word_1_257' title='bbox 354 2216 398 2271; x_wconf 80' lang='grc' dir='ltr'>περὶ</span> <span class='ocrx_word' id='word_1_258' title='bbox 412 2219 449 2260; x_wconf 90' lang='grc' dir='ltr'>τοῦ</span> <span class='ocrx_word' id='word_1_259' title='bbox 463 2219 565 2272; x_wconf 82' lang='grc' dir='ltr'>μωσαίκοῦ</span> <span class='ocrx_word' id='word_1_260' title='bbox 580 2213 640 2271; x_wconf 82' lang='grc' dir='ltr'>λέγει,</span> <span class='ocrx_word' id='word_1_261' title='bbox 655 2204 777 2272; x_wconf 79' lang='grc' dir='ltr'>βουλόμενος</span> <span class='ocrx_word' id='word_1_262' title='bbox 792 2219 853 2262; x_wconf 79' lang='grc' dir='ltr'>εἰπεῖν</span> 
     </span>
     <span class='ocr_line' id='line_1_31' title="bbox 110 2284 853 2351; baseline 0.001 -19"><span class='ocrx_word' id='word_1_263' title='bbox 110 2287 166 2332; x_wconf 83' lang='grc' dir='ltr'>εοότι</span> <span class='ocrx_word' id='word_1_264' title='bbox 184 2285 281 2345; x_wconf 81' lang='grc' dir='ltr'>μετήισαν</span> <span class='ocrx_word' id='word_1_265' title='bbox 297 2285 362 2344; x_wconf 89' lang='grc' dir='ltr'>νόμον</span> <span class='ocrx_word' id='word_1_266' title='bbox 380 2285 511 2351; x_wconf 87' lang='grc' dir='ltr'>δικαιοσύνην</span> <span class='ocrx_word' id='word_1_267' title='bbox 527 2284 689 2343; x_wconf 76' lang='grc' dir='ltr'>ὑπισχνούμενον</span> <span class='ocrx_word' id='word_1_268' title='bbox 709 2290 727 2332; x_wconf 88' lang='grc' dir='ltr'>εί</span> <span class='ocrx_word' id='word_1_269' title='bbox 742 2305 772 2340; x_wconf 87' lang='grc' dir='ltr'>τις</span> <span class='ocrx_word' id='word_1_270' title='bbox 790 2287 853 2333; x_wconf 84' lang='grc' dir='ltr'>αὐτόν</span> 
     </span>
     <span class='ocr_line' id='line_1_32' title="bbox 134 2357 853 2421; baseline 0.003 -16"><span class='ocrx_word' id='word_1_271' title='bbox 134 2359 239 2421; x_wconf 76' lang='grc' dir='ltr'>φυλάττοι,</span> <span class='ocrx_word' id='word_1_272' title='bbox 254 2358 277 2405; x_wconf 85' lang='grc' dir='ltr'>τό</span> <span class='ocrx_word' id='word_1_273' title='bbox 292 2359 314 2405; x_wconf 81' lang='grc' dir='ltr'>δὲ</span> <span class='ocrx_word' id='word_1_274' title='bbox 328 2362 356 2413; x_wconf 88' lang='grc' dir='ltr'>είς</span> <span class='ocrx_word' id='word_1_275' title='bbox 369 2358 433 2417; x_wconf 88' lang='grc' dir='ltr'>νόμον</span> <span class='ocrx_word' id='word_1_276' title='bbox 448 2358 576 2417; x_wconf 83' lang='grc' dir='ltr'>δικαιοσύνης</span> <span class='ocrx_word' id='word_1_277' title='bbox 589 2357 640 2403; x_wconf 85' lang='grc' dir='ltr'>κατδ</span> <span class='ocrx_word' id='word_1_278' title='bbox 654 2357 677 2404; x_wconf 85' lang='grc' dir='ltr'>τί</span> <span class='ocrx_word' id='word_1_279' title='bbox 693 2362 766 2404; x_wconf 80' lang='grc' dir='ltr'>οἰκεῖον</span> <span class='ocrx_word' id='word_1_280' title='bbox 781 2362 853 2419; x_wconf 88' lang='grc' dir='ltr'>ίδίωμα</span> 
     </span>
     <span class='ocr_line' id='line_1_33' title="bbox 136 2428 853 2490; baseline 0.003 -15"><span class='ocrx_word' id='word_1_281' title='bbox 136 2430 198 2488; x_wconf 91' lang='grc' dir='ltr'>νόμον</span> <span class='ocrx_word' id='word_1_282' title='bbox 213 2430 341 2490; x_wconf 86' lang='grc' dir='ltr'>δικαιοσύνης</span> <span class='ocrx_word' id='word_1_283' title='bbox 355 2432 392 2490; x_wconf 79' lang='grc' dir='ltr'>την</span> <span class='ocrx_word' id='word_1_284' title='bbox 406 2430 537 2489; x_wconf 84' lang='grc' dir='ltr'>δικαιοσύνην</span> <span class='ocrx_word' id='word_1_285' title='bbox 551 2434 627 2479; x_wconf 81' lang='grc' dir='ltr'>καλῶν,</span> <span class='ocrx_word' id='word_1_286' title='bbox 648 2428 675 2481; x_wconf 82' lang='grc' dir='ltr'>ώς</span> <span class='ocrx_word' id='word_1_287' title='bbox 692 2431 726 2475; x_wconf 88' lang='grc' dir='ltr'>καί</span> <span class='ocrx_word' id='word_1_288' title='bbox 739 2430 803 2488; x_wconf 88' lang='grc' dir='ltr'>νόμον</span> <span class='ocrx_word' id='word_1_289' title='bbox 822 2435 853 2477; x_wconf 88' lang='grc' dir='ltr'>πί-</span> 
     </span>
    </p>
   </div>
   <div class='ocr_carea' id='block_1_3' title="bbox 137 2622 855 2908">
    <p class='ocr_par' dir='ltr' id='par_1_8' title="bbox 137 2622 855 2908">
     <span class='ocr_line' id='line_1_34' title="bbox 183 2622 854 2671; baseline 0.007 -16"><span class='ocrx_word' id='word_1_290' title='bbox 183 2632 196 2657; x_wconf 81' lang='grc' dir='ltr'>ε.</span> <span class='ocrx_word' id='word_1_291' title='bbox 209 2623 262 2665; x_wconf 74' lang='lat' dir='ltr'><strong>spic.:</strong></span> <span class='ocrx_word' id='word_1_292' title='bbox 275 2622 390 2671; x_wconf 79' lang='grc' dir='ltr'>ιλαεποιήοατό</span> <span class='ocrx_word' id='word_1_293' title='bbox 401 2638 419 2660; x_wconf 79' lang='grc' dir='ltr'>τε</span> <span class='ocrx_word' id='word_1_294' title='bbox 430 2628 481 2671; x_wconf 76' lang='grc' dir='ltr'>μογθ,</span> <span class='ocrx_word' id='word_1_295' title='bbox 506 2635 530 2660; x_wconf 83' lang='grc' dir='ltr'>ιι.</span> <span class='ocrx_word' id='word_1_296' title='bbox 544 2626 599 2667; x_wconf 67' lang='grc' dir='ltr'>δρίος</span> <span class='ocrx_word' id='word_1_297' title='bbox 616 2623 718 2668; x_wconf 83' lang='grc' dir='ltr'>προσθῆναι.</span> <span class='ocrx_word' id='word_1_298' title='bbox 743 2634 767 2658; x_wconf 80' lang='grc' dir='ltr'>ιτ.</span> <span class='ocrx_word' id='word_1_299' title='bbox 780 2627 799 2659; x_wconf 89' lang='lat' dir='ltr'>V.</span> <span class='ocrx_word' id='word_1_300' title='bbox 812 2637 854 2670; x_wconf 79' lang='lat' dir='ltr'>quae</span> 
     </span>
     <span class='ocr_line' id='line_1_35' title="bbox 137 2681 855 2730; baseline 0.004 -12"><span class='ocrx_word' id='word_1_301' title='bbox 137 2688 229 2727; x_wconf 76' lang='lat' dir='ltr'>sequuntur</span> <span class='ocrx_word' id='word_1_302' title='bbox 243 2686 310 2720; x_wconf 74' lang='lat' dir='ltr'>exhibet</span> <span class='ocrx_word' id='word_1_303' title='bbox 325 2688 375 2720; x_wconf 76' lang='lat' dir='ltr'>etiam</span> <span class='ocrx_word' id='word_1_304' title='bbox 388 2697 402 2719; x_wconf 89' lang='grc' dir='ltr'>υ.</span> <span class='ocrx_word' id='word_1_305' title='bbox 415 2689 461 2723; x_wconf 80' lang='lat' dir='ltr'>Mon.</span> <span class='ocrx_word' id='word_1_306' title='bbox 474 2687 514 2730; x_wconf 78' lang='grc' dir='ltr'>(ταί.</span> <span class='ocrx_word' id='word_1_307' title='bbox 527 2687 582 2720; x_wconf 80' lang='lat' dir='ltr'>Cram.</span> <span class='ocrx_word' id='word_1_308' title='bbox 595 2694 611 2726; x_wconf 89' lang='lat' dir='ltr'>p.</span> <span class='ocrx_word' id='word_1_309' title='bbox 624 2681 668 2729; x_wconf 83' lang='lat'>365.)</span> <span class='ocrx_word' id='word_1_310' title='bbox 692 2684 712 2719; x_wconf 72' lang='grc' dir='ltr'>(δ.</span> <span class='ocrx_word' id='word_1_311' title='bbox 727 2682 819 2729; x_wconf 80' lang='grc' dir='ltr'>Μονοίηουι</span> <span class='ocrx_word' id='word_1_312' title='bbox 831 2686 855 2721; x_wconf 89' lang='grc' dir='ltr'>τί</span> 
     </span>
     <span class='ocr_line' id='line_1_36' title="bbox 137 2739 853 2791; baseline 0.008 -16"><span class='ocrx_word' id='word_1_313' title='bbox 137 2741 169 2788; x_wconf 74' lang='grc' dir='ltr'>γὰρ</span> <span class='ocrx_word' id='word_1_314' title='bbox 180 2741 255 2785; x_wconf 84' lang='grc' dir='ltr'>είαοιμεν</span> <span class='ocrx_word' id='word_1_315' title='bbox 267 2739 297 2788; x_wconf 82' lang='grc' dir='ltr'>δν,</span> <span class='ocrx_word' id='word_1_316' title='bbox 310 2739 336 2780; x_wconf 75' lang='grc' dir='ltr'>Γότι</span> <span class='ocrx_word' id='word_1_317' title='bbox 351 2766 376 2779; x_wconf 95' lang='grc'>-.</span> <span class='ocrx_word' id='word_1_318' title='bbox 407 2754 433 2780; x_wconf 75' lang='grc' dir='ltr'>ετ.</span> <span class='ocrx_word' id='word_1_319' title='bbox 444 2748 463 2781; x_wconf 84' lang='lat' dir='ltr'>V.</span> <span class='ocrx_word' id='word_1_320' title='bbox 479 2747 545 2791; x_wconf 75' lang='grc' dir='ltr'>προσελ.</span> <span class='ocrx_word' id='word_1_321' title='bbox 560 2764 575 2771; x_wconf 87' lang='grc'><strong>-</strong></span> <span class='ocrx_word' id='word_1_322' title='bbox 591 2742 656 2778; x_wconf 89' lang='grc' dir='ltr'>διδαοκ.</span> <span class='ocrx_word' id='word_1_323' title='bbox 669 2754 702 2780; x_wconf 83' lang='lat' dir='ltr'>om.</span> <span class='ocrx_word' id='word_1_324' title='bbox 716 2755 729 2780; x_wconf 89' lang='grc' dir='ltr'>ο.</span> <span class='ocrx_word' id='word_1_325' title='bbox 740 2746 797 2790; x_wconf 56' lang='lat' dir='ltr'>Mon„</span> <span class='ocrx_word' id='word_1_326' title='bbox 815 2748 853 2781; x_wconf 81' lang='lat' dir='ltr'>dein</span> 
     </span>
     <span class='ocr_line' id='line_1_37' title="bbox 137 2800 852 2849; baseline 0.003 -11"><span class='ocrx_word' id='word_1_327' title='bbox 137 2800 260 2838; x_wconf 77' lang='grc' dir='ltr'>λιαδολκαίτοι.</span> <span class='ocrx_word' id='word_1_328' title='bbox 289 2812 313 2838; x_wconf 76' lang='grc' dir='ltr'>νε.</span> <span class='ocrx_word' id='word_1_329' title='bbox 325 2806 344 2839; x_wconf 91' lang='lat' dir='ltr'>V.</span> <span class='ocrx_word' id='word_1_330' title='bbox 357 2801 376 2840; x_wconf 74' lang='grc' dir='ltr'>δὲ</span> <span class='ocrx_word' id='word_1_331' title='bbox 388 2816 420 2839; x_wconf 86' lang='lat' dir='ltr'>om.</span> <span class='ocrx_word' id='word_1_332' title='bbox 436 2807 480 2849; x_wconf 80' lang='lat' dir='ltr'><strong>Spic.</strong></span> <span class='ocrx_word' id='word_1_333' title='bbox 511 2805 567 2841; x_wconf 64' lang='grc' dir='ltr'>γωδ.</span> <span class='ocrx_word' id='word_1_334' title='bbox 580 2804 634 2839; x_wconf 74' lang='grc' dir='ltr'>Μολιι</span> <span class='ocrx_word' id='word_1_335' title='bbox 650 2802 688 2849; x_wconf 86' lang='grc' dir='ltr'>νύμ,</span> <span class='ocrx_word' id='word_1_336' title='bbox 704 2804 737 2840; x_wconf 85' lang='grc' dir='ltr'>δικ.</span> <span class='ocrx_word' id='word_1_337' title='bbox 750 2803 797 2840; x_wconf 87' lang='grc' dir='ltr'>διώκ.</span> <span class='ocrx_word' id='word_1_338' title='bbox 828 2815 852 2841; x_wconf 77' lang='grc' dir='ltr'>ιο.</span> 
     </span>
     <span class='ocr_line' id='line_1_38' title="bbox 138 2861 294 2908; baseline -0.013 -10"><span class='ocrx_word' id='word_1_339' title='bbox 138 2866 193 2908; x_wconf 49' lang='lat' dir='ltr'>Spica</span> <span class='ocrx_word' id='word_1_340' title='bbox 205 2861 235 2896; x_wconf 81' lang='grc' dir='ltr'>τόν</span> <span class='ocrx_word' id='word_1_341' title='bbox 246 2863 294 2896; x_wconf 74' lang='grc' dir='ltr'>κατὰ.</span> 
     </span>
    </p>
   </div>
   <div class='ocr_carea' id='block_1_4' title="bbox 0 0 897 3073">
    <p class='ocr_par' dir='ltr' id='par_1_9' title="bbox 0 0 897 3073">
     <span class='ocr_line' id='line_1_39' title="bbox 0 0 897 3073; baseline 0 0"><span class='ocrx_word' id='word_1_342' title='bbox 0 0 897 3073; x_wconf 95' lang='lat' dir='ltr'> </span> 
     </span>
    </p>
   </div>
  </div>
 </body>
</html>
