1723 3073
223 109 245 141 IN
257 106 380 142 EPISTULAM
392 107 421 139 An
433 105 541 142 ROMANOS.
719 99 744 135 55Ἰ

66 214 103 263 Vl,
120 218 137 258 3.
162 212 192 257 Ἢ
205 212 242 257 ούκ
256 215 305 265 ίστε,
328 212 486 272 φησίν,’ἐκεῖνο,
501 210 533 258 ὅτι
546 211 569 257 τά
584 209 686 271 βάπτισμα
700 225 741 252 κοι-

25 278 171 337 νώνούςποιεί
183 288 220 328 τού
235 283 326 329 θανάτου
341 289 377 329 τού
392 289 480 341 Χριστοῦ
485 305 490 337 3
510 284 549 330 καί
559 283 599 341 γάρ
614 283 680 339 ώσπερ
691 277 742 324 ’συν-
760 289 761 292 ’

25 354 139 402 θάπτεσθαι
159 357 258 412 δοκοῦμεν
277 353 331 417 αύτῷ
350 355 490 414 βαπτιζόμενοι
507 353 557 401 κατά
575 372 597 413 γε
615 353 652 399 τδν
666 351 742 406 τύπον,

26 427 74 474 ώστε
93 424 200 484 προσήκειν
219 424 271 484 ἡμᾶς
277 463 282 482 ,
302 426 394 487 καθάπερ
412 426 423 472 δ
440 426 510 487 κύριος
528 428 549 473 ἐκ
563 431 639 485 νεκρών
654 423 743 476 άναστάς

26 503 52 552 είς
72 498 140 557 ἐτέραν
160 497 234 557 καινήν
250 516 296 543 τινα
312 498 394 556 κατίστα
413 497 474 556 ζωὴν,
495 498 558 551 οὕτως
576 500 608 543 καὶ
628 496 703 550 αύτούς
721 496 743 541 ἐν
761 513 769 540 ε

26 575 86 631 καινῇ
104 572 142 616 τινί
162 574 201 631 ζωῇ
220 569 344 628 καθεστάναι
363 569 411 629 μετά
431 569 454 615 τὸ
473 570 582 629 βάπτισμα,
602 570 743 630 λογιζομένους

29 644 85 698 ίίξιον
100 643 252 699 ἐπιδείκνυσθαι
266 642 302 689 τὸν
316 645 361 701 βίον
375 646 411 699 τῆς
426 646 475 699 ζωῆς
489 643 572 699 ἐκείνης,
587 646 614 695 είς
629 643 653 701 ἣν
664 642 697 688 διά
706 646 744 687 τού

27 717 161 775 βαπτίσματος
175 719 296 774 γεγενῆσθαι
309 714 435 771 πιστεύομεν.
458 742 461 751 ·

69 789 109 842 vl,
126 792 144 832 5.
174 791 243 844 Δῆλον
258 787 334 842 δὲ’ίίρα
348 785 428 831 κάπείνο
443 789 514 844 φησίν,
537 784 564 838 ώς
578 785 620 831 ούκ.
630 788 693 832 ἐνεστι
710 803 743 831 τυ-

29 862 91 911 πικώς
106 858 268 917 κοινωνήσαντας
282 862 310 919 τῷ
324 857 424 919 θανάτῳ,
437 857 465 916 μὴ
479 859 512 902 καί
526 862 561 916 τῆς
575 857 700 910 ἀναστάσεως
715 855 743 903 ἐπ’
752 875 770 904 ιο

29 929 83 992 αύτῷ
103 937 169 989 τυχεῖν
187 935 228 976 τών
247 929 376 989 πραγμάτων.
405 934 477 982 Καλώς
497 930 518 975 δέ
537 929 578 975 εἴτε
595 930 618 975 τδ
633 930 743 989 σύμφυτοι,

28 1005 73 1059 περί
88 1020 109 1048 τε
129 1000 242 1060 νεκρώσεοις
256 1004 289 1047 καί
304 1001 441 1060 ζωοποιήσεας
456 1001 605 1060 διαλεγόμενος,
628 1000 694 1059 ἐπειδὴ
712 1002 745 1047 καί

29 1079 69 1122 τάν
84 1079 153 1135 φυτών
167 1073 221 1120 ’ίδιύν
236 1076 277 1121 ἐστι
291 1073 314 1120 τύ
328 1078 451 1133 νεκρούσθαι
465 1075 502 1132 μὲν
516 1075 538 1120 ἐν
552 1079 576 1134 τῇ
591 1076 670 1136 φυτείμ,
689 1076 746 1132 μεθί-

30 1154 116 1193 στασθαι
130 1148 151 1191 δὲ
166 1148 197 1191 ἐπὶ
211 1147 234 1191 τύ
249 1153 339 1204 κρεῖττον
353 1148 386 1191 καί
396 1145 529 1204 ἐνδοξότερον
543 1151 616 1208 πολλῷ.
645 1148 684 1191 Καὶ
696 1147 746 1192 είκά-

29 1237 67 1271 τας
82 1217 122 1265 άπὸ
136 1223 177 1263 τών
191 1217 297 1275 παρόντων
314 1217 339 1263 τά
357 1218 454 1275 μέλλουτα
472 1218 604 1263 ἐπιστώσατο
625 1218 692 1276 ἐπειδὴ
707 1218 772 1274 γδριε

31 1294 92 1348 δῆλον
106 1285 132 1347 ἦν
151 1288 178 1342 ώς
196 1289 309 1346 πνεύματος
323 1296 411 1347 μετεῖχον
422 1290 443 1334 ἐν
457 1294 485 1350 τῷ
500 1293 629 1347 βαπτίσματι,
651 1295 711 1334 τοῦτο
726 1288 747 1333 δὲ

30 1361 63 1408 ὑπ’
79 1360 146 1408 αὐτῶν
161 1366 230 1421 σαφῶς
245 1362 345 1406 ἐδείκνυτο
355 1364 400 1407 ’τών
414 1359 546 1421 πραγμάτων,
568 1366 633 1414 καλῶς
653 1360 692 1406 άπδ
712 1363 748 1405 τοῦ

31 1436 155 1493 φαινομένου
170 1434 213 1479 τότε
227 1434 250 1479 τδ
265 1433 346 1492 μιγδέπτι
361 1436 422 1491 δῆλον
439 1432 514 1485 αύτούς
528 1433 655 1479 ἐπιστώσατο.
670 1450 673 1453 ’

73 1508 110 1563 Vl,
126 1513 144 1552 6.
174 1505 233 1563 Λέγει
246 1507 279 1550 καί
293 1504 316 1551 τύ
330 1504 398 1557 πάθος
411 1508 448 1550 τού
463 1507 535 1561 κυρίου
550 1506 581 1550 ἐπί
595 1508 647 1551 τίσιν
662 1504 748 1562 ἐγίνετο,

33 1583 60 1632 είς
74 1581 154 1636 μείζονα
168 1580 234 1622 πίστιν
243 1581 288 1621 -τώυ
303 1577 417 1634 είριγμένανΔ
445 1574 524 1635 Ἐπειδὴ
539 1576 578 1634 γάρ
592 1575 633 1622 ὑπὸ
647 1576 684 1634 τὴν
702 1575 777 1624 άπύ-εο

35 1662 98 1709 φασιν
117 1648 222 1708 γευόμενοι
238 1653 275 1694 τού
292 1646 394 1704 θανάτου,
415 1653 508 1693 πλεῖστον
526 1648 575 1694 ὅσον
594 1649 752 1709 ἐπιβρεπέστεροι

34 1722 86 1779 πρὸς
99 1721 122 1767 τδ
136 1719 259 1779 ἁμαρτάνειν
268 1719 309 1766 δπδ
323 1725 357 1777 τῆς
367 1720 490 1783 θνρτάτιγτος
502 1720 619 1778 ἐγινόμεθα,
634 1725 662 1781 τῷ
673 1724 752 1780 Χριστῷ

36 1796 99 1853 ιγρσίυ
113 1793 255 1855 ἐσταυρώμέυιμ
271 1792 336 1852 ὥσπερ
351 1792 419 1837 άπασα
434 1790 490 1851 ἡμῶν
503 1791 516 1850 ἡ
531 1790 572 1837 δπδ
586 1792 622 1851 τὴν
640 1791 754 1850 θνρτύτιγτα

35 1866 114 1922 κειμένιγ
129 1863 191 1922 φύσις
201 1864 368 1921 συνεσταυρώθη,
385 1863 452 1921 ἐπειδὴ
462 1866 494 1909 καί
504 1868 558 1909 πάσα
569 1863 623 1925 αύτῷ
634 1864 753 1922 συνανέστρ,

35 1936 117 1982 πάντων
132 1933 248 1994 ἀνθρώπων
262 1934 316 1996 αάτβ
331 1942 474 1994 συμμετασχεῖν
489 1935 610 1991 ἐλπιζόντων
619 1941 654 1995 τῆς
669 1934 780 1986 άναστά-ντ

36 2022 94 2065 σεως,
110 2007 137 2061 ώς
151 2009 246 2053 ἐντεῦθεν
261 2011 439 2065 συναφανισθῆυαι
452 2007 488 2064 μὲν
498 2007 535 2066 τὴν
544 2010 588 2066 περὶ
598 2007 621 2053 τὸ
632 2006 755 2068 άμαρτάνειν

36 2080 93 2139 ἡμῶν
107 2079 204 2126 εὐκολίαν
215 2080 248 2126 διά
262 2084 297 2138 τῆς
312 2080 343 2124 ἐπί
357 2079 393 2138 τὴν
409 2078 524 2126 άθανασίαυ
538 2085 575 2126 τοῦ
590 2079 682 2139 σώματος
697 2098 753 2139 μετα-

37 2153 135 2210 στάσεως,
161 2156 272 2211 γενηθῆναι
295 2152 316 2197 δέ
337 2153 370 2197 καὶ
392 2150 444 2210 ἡμᾶς
465 2152 501 2208 ἐξα
521 2156 642 2212 καταστῆναι
663 2158 698 2213 τῆς
718 2156 755 2199 τού

38 2226 159 2286 άμαρτάνειν
175 2225 268 2283 άνάγκιγς.

80 2301 117 2351 VI,
134 2303 226 2344 12-14.
258 2298 316 2357 Λέγει
330 2298 376 2357 μέν,
397 2297 428 2343 ὅτι
441 2298 519 2343 τούτων
534 2300 598 2354 ούτας
612 2298 707 2359 ἐχόντων,
728 2300 783 2348 δί-αι

39 2389 97 2417 καιου
115 2370 166 2430 ἡμᾶς
185 2370 212 2429 μὴ
232 2369 354 2431 άμαρτάνειν
372 2371 422 2417 κατά
440 2371 476 2417 τὸν
493 2371 584 2431 παρόντα
598 2375 653 2431 βίον,
675 2370 713 2416 κίίν
728 2372 757 2417 ἐτι

40 2445 111 2503 θνητοί
125 2443 163 2502 τὴν
178 2442 241 2501 φύσιν
256 2443 322 2495 ὅντες,
343 2446 425 2493 πλείονα
443 2444 497 2501 ἐχγτε
510 2444 548 2502 τὴν
562 2445 594 2489 ἐπί
607 2448 667 2491 τούτο
685 2444 756 2504 ῥοπήν,

38 2515 117 2575 Ἐπειδὴ
129 2516 155 2563 .δέ
169 2515 191 2561 τδ
206 2515 319 2574 βασιλεύειν
334 2517 365 2562 ἐπί
380 2520 414 2574 τῆς
429 2515 526 2576 άμαρτίας
540 2516 625 2570 τέθεικε,
641 2521 706 2571 καλώς
716 2517 758 2563 είπε

40 2590 71 2635 ιδ’
87 2589 113 2648 μά
128 2587 259 2647 παριστάνετε
272 2589 297 2635 τά
312 2589 360 2647 μέλιγ
373 2588 441 2647 ύμών·
456 2588 577 2648 παρεστάναι
593 2589 631 2648 γάρ
646 2597 688 2644 τοῖς
703 2595 759 2650 βασι-

87 2710 100 2734 ι.
114 2701 167 2743 δρία,
180 2708 194 2732 ο.
207 2700 262 2734 Cram.
275 2710 290 2743 ρ,
301 2685 329 2734 βλ).
360 2707 373 2734 ε.
386 2700 441 2742 δρία,
454 2709 469 2732 c.
483 2700 537 2735 Eram.
549 2711 566 2743 p.
580 2700 606 2734 6-1,
637 2709 661 2735 ιε.
675 2704 728 2746 δρία,
745 2715 759 2736 ε.

43 2761 97 2795 Uram,
110 2771 126 2801 p,
140 2760 166 2792 σί.
191 2766 216 2791 τι,
226 2752 264 2793 ’δελ
277 2761 341 2794 erasm:
353 2756 494 2804 ἐπιῤῥεαέστερον.
519 2769 544 2793 ετ.
557 2761 631 2795 Observa
641 2764 759 2802 anacoluthon,

44 2829 80 2853 oum
94 2821 125 2854 Th.
139 2819 199 2853 deinde
211 2829 242 2860 ριό
254 2813 298 2853 οίίτει
310 2820 337 2854 καί
351 2820 438 2863 scripserit
450 2815 507 2865 ἐπειδὴ
520 2820 553 2855 καί.
578 2830 602 2857 ιο,
615 2823 667 2867 δρία,
681 2834 694 2857 τ.
704 2825 758 2858 Eram.

44 2890 58 2921 ρ.
71 2880 97 2913 67.
