1723 3073
236 120 258 155 ΙΝ
270 118 393 158 ΕΡΙΕΤΟλΑΜ
405 121 433 154 AB
446 119 556 156 ROMANOS.
733 113 755 150 79

38 221 85 268 ποτέ
99 222 144 280 παρ’
162 219 220 310 ήμώυ
239 228 329 282 φαυήναι
348 223 462 314 λενώμενμν,
493 225 545 272 Εἶτα
565 225 604 277 καί,
618 221 755 310 ἐξερριαστικρί-

38 311 97 351 τερον
110 298 151 340 τών
166 294 262 341 ἐναντίων
276 298 347 351 τιθείς·
368 301 397 361 τῷ
413 297 451 358 νίιρ
470 303 557 346 Μωῦσιί
571 297 623 357 λέγει
641 293 744 356 ἐλεήσω“
732 313 757 340 ου

39 367 65 412 ίίν
80 367 135 422 ἐλεῶ
151 368 183 412 καί
199 367 314 427 οἰκτειρήσω
329 370 353 415 δν
367 370 393 415 δίυ
407 375 505 430 οἰκτείρω,
520 373 553 416 καί
567 371 615 428 μετοί
624 370 667 457 μήν
681 386 757 426 μαρτυ-

40 438 87 496 ρίαν
105 438 297 496 ἐπισυλλομίζεται’
290 457 311 484 εκ
328 446 364 486 τοῦ
382 442 462 487 ἐκείνων
482 441 599 500 προσώπου
621 441 660 498 ῦρα
678 434 716 486 οῦν
731 436 756 484 οῦ

40 513 77 553 τοῦ
92 509 188 562 θέλοντος
203 509 250 556 οῦδὲ
264 515 301 556 τοῦ
315 513 427 572 τρέχοντος,
449 513 499 559 ἐλλίι
518 519 554 559 τοῦ
573 515 676 567 ἐλεοῦντος
694 516 755 557 θεοῦ
774 523 783 551 ⁵

40 582 74 626 καί
89 580 192 640 γραφικήν
206 581 274 642 ἑτέραν
289 583 360 642 φωνήν
374 584 480 637 τεθεικώς
501 585 550 642 λέγει
564 585 603 645 νίκρ
617 583 630 644 ή
644 584 713 644 γραφή
727 587 756 646 τῷ

44 653 129 742 Φαραώ,
152 653 183 699 ὅτι
197 657 224 707 είς
239 654 288 700 αῦτδ
303 660 362 701 τοῦτο
378 656 468 714 ἐξήγειρά
482 667 511 708 σε,
533 656 586 710 ὅπως
600 658 715 716 ἐνδείξωμαι
734 657 756 701 ἐν

42 727 75 778 σοί
92 726 130 786 τήν
147 725 233 786 δώναμίν
252 745 300 786 μου,
320 730 359 773 καί
373 726 427 781 ὅπως
444 732 537 789 διαννελή
554 730 577 775 τδ
596 730 661 788 ὅνομιί
677 747 717 788 μου
734 730 756 774 ἐν

43 797 97 859 πάσι]
111 803 136 859 πή
150 803 186 857 μή,
202 802 337 858 συλλογίζεται
350 798 423 845 πτίλον
445 800 485 858 ῦίρα
499 804 537 846 οῦν
551 801 575 847 δυ
589 802 642 847 θέλει
657 802 715 855 ἐλωί
732 801 756 847 δν

45 871 67 917 55
81 871 135 916 θέλει
150 870 262 929 σκληρύνει,
294 877 362 917 Ταῦτα
376 873 412 929 μὲν
428 868 465 917 οῦν
480 873 557 919 ἅπαντα
572 873 598 926 ώς
613 874 652 919 απὸ
666 879 703 919 τοῦ
717 874 757 919 ἑτέ·
747 888 783 916 -ιο

45 960 87 1002 ρων
102 944 140 1002 ἐφη
154 943 273 1002 προσώπου,
288 943 323 997 τώς
337 962 357 990 τε
371 944 472 1003 νραφικδς
485 948 595 1004 μαρτυρίας
609 946 672 999 οὕτως
687 945 755 1002 είπών,

45 1013 71 1067 ώς
87 1014 112 1060 ῦν
128 1016 208 1061 ἐκείνων
223 1014 284 1068 αῦτοίς
299 1018 326 1069 είς
346 1016 441 1062 σώστασιν
455 1021 491 1063 τοῦ
506 1020 580 1063 οἰκείου
594 1017 655 1075 λόγου
669 1017 757 1075 προβάλ-

44 1093 104 1133 λεθαι
118 1086 242 1140 εσίωθότων,
265 1088 297 1133 καί
312 1087 360 1141 τοῦς
375 1087 520 1147 συλλογισμοὺς
535 1088 653 1143 ἀκολούθως
667 1088 706 1135 ῦπδ
720 1093 757 1134 τοῦ

44 1161 135 1204 -ἐκείνωυ
150 1160 255 1217 ἐπαγαγών
269 1154 384 1218 προσώπου.
414 1160 459 1205 Λῦο
474 1161 495 1205 55
510 1163 550 1205 ἐστι
563 1162 588 1205 τοί
602 1163 624 1205 ἐν
638 1169 679 1213 τοῖς
691 1161 757 1217 εἰρήμὲ

45 1250 89 1285 νοις
103 1229 239 1291 στρεφόμενα·
262 1233 279 1277 εί
297 1230 345 1285 θεὸς
365 1230 456 1290 ἀμαθοῦς
470 1250 490 1278 τε
505 1231 556 1278 εἶναι
570 1238 624 1278 ποιεί
636 1233 669 1278 καί
682 1231 783 1286 κακοῦςιν

45 1305 82 1363 τήν
96 1304 179 1363 ννώμήν
193 1304 229 1357 οῦς
243 1303 344 1363 βούλεται,
358 1304 373 1364 ή
386 1304 431 1363 παρ’
442 1303 490 1363 ήμῖν
503 1303 516 1363 ή
530 1310 565 1364 τής
579 1305 671 1364 αίρέσεως
685 1304 758 1362 ταῦτής

46 1378 134 1432 ἐξουσίαι
156 1377 189 1421 καί
208 1375 293 1435 πότερον
311 1375 372 1429 αὐτὸς
388 1376 466 1431 κολάζει
483 1393 504 1421 τε
519 1376 555 1429 οῦς
573 1376 628 1422 θέλει
647 1378 680 1422 καί
698 1375 759 1421 πάλιν

47 1448 144 1507 εῦερνετελ
157 1447 207 1493 κατῦ
221 1447 243 1493 τὸ
259 1451 333 1493 δοκοῦν
348 1447 412 1509 αὐτῷ,
433 1447 447 1506 ή
466 1446 511 1507 παρ’
531 1446 579 1506 ήμίν
598 1452 634 1493 τοῦ
652 1453 760 1507 πειρᾶσθαι

47 1520 124 1566 τούτων
142 1538 163 1565 τε
179 1519 277 1564 κτίκείνων
296 1520 348 1564 ἐστίν
362 1518 374 1577 ή
390 1521 452 1571 αίτία;
476 1520 538 1576 ἐχεται
553 1520 574 1565 δέ
588 1524 625 1564 τοῦ
643 1519 724 1577 πρώτου
737 1519 760 1563 τὸ

48 1590 147 1649 δεύτερον,
174 1588 351 1648 Ὃμολονουμένου
370 1583 407 1649 μίν
424 1590 463 1649 ντίρ
482 1595 519 1636 τοῦ
537 1590 582 1648 παρ’
597 1589 645 1649 ήμῖν
660 1591 711 1637 εἶναι
725 1590 787 1649 τήνεο

48 1665 140 1717 ἐξουσίαν
149 1666 189 1720 τήςτ
195 1680 214 1707 τε
224 1667 264 1707 τών
277 1667 344 1707 καλών
357 1663 390 1707 καί
404 1667 444 1707 τῶν
461 1661 557 1721 χειρόνων
572 1662 672 1721 αἱρέσεως,
687 1674 762 1707 συναπ-

48 1734 140 1794 ήλέμχετο
165 1735 198 1779 καί
220 1733 243 1779 τδ
265 1732 290 1779 τοί
308 1736 352 1793 περί
371 1732 423 1792 ήμῦς
442 1733 538 1792 γινόμενα
557 1733 596 1780 οἷπδ
616 1738 650 1793 τῆς
668 1733 763 1793 ήμετέρας

49 1810 166 1866 συμβαίνειν
177 1809 250 1859 αἰτίας·
265 1810 300 1864 τής
310 1806 367 1864 δέγε
381 1810 418 1852 τοῦ
432 1812 497 1852 ποιεῖν
511 1807 602 1860 ἐξουσίας
616 1806 665 1866 ἅπερ
680 1806 706 1853 ῦν
716 1811 764 1865 βου-

49 1879 131 1939 λώμεθα
142 1882 163 1927 ἐν
173 1878 219 1939 ήμίν
234 1878 272 1926 οῦκ
286 1880 359 1938 οῦσής,
374 1878 422 1925 οῦδὲ
435 1879 460 1925 τίι
474 1881 519 1938 περί
532 1878 584 1938 ήμῦς
597 1879 694 1938 γινόμενα
708 1880 764 1939 ἐφαί-

50 1971 95 1998 νετο
112 1952 153 1998 ἀλλ’
171 1951 185 2009 ή
203 1952 253 1997 κατοί
267 1951 289 1996 τὸ
305 1955 379 1997 δοκοῦν
393 1956 421 2013 τῷ
434 1957 526 1997 ποιοῦντι
541 1957 589 2013 θεῷ,
619 1952 722 1999 Κώλλιστα
740 1953 790 2011 δήτι

50 2026 82 2071 καί
98 2023 109 2070 5
123 2022 221 2083 μακάριος
237 2027 319 2076 Παῦλος
334 2027 407 2083 διαιρεῖ
419 2024 456 2082 μὲν
469 2023 506 2083 τήν
524 2023 639 2083 οίπώκρισιυ·
660 2025 726 2085 ώσπερ
744 2025 765 2070 55

51 2098 72 2143 ἐν
87 2102 115 2158 τῷ
129 2096 200 2158 πρώτῳ
214 2101 251 2142 τοῦ
265 2095 340 2149 παντὸς
355 2096 504 2154 στρεφομένου,
525 2097 588 2143 ἐκεῖνο
606 2096 704 2157 πρίτερον
724 2096 764 2154 μετ’

51 2171 133 2229 ίσχυρῦς
146 2171 181 2227 τής
195 2166 383 2222 οίπνδείξεωςλῦειν
397 2172 498 2227 πειρᾶται,
518 2169 552 2214 καί
566 2166 605 2228 μετ’
621 2169 685 2222 ἐκεῖνο,
698 2166 725 2221 ώς
739 2167 765 2214 ἐν

51 2240 167 2288 ἀκόλουθον
187 2240 314 2286 ἐπισυνήπτει
333 2245 370 2286 τοῦ
388 2241 482 2301 δευτέρον
498 2240 536 2300 τήν
553 2240 618 2287 λῦσεν.
647 2239 726 2298 Ἐπήνει
740 2239 765 2299 δή

51 2314 112 2360 πάλιν
127 2312 175 2372 μετὰ
188 2313 214 2358 τοί
228 2314 352 2371 προτεθέντα
371 2312 410 2359 ιλπδ
430 2318 466 2359 τοῦ
481 2315 561 2360 ἐκείνων
575 2313 694 2373 προσώπου,
717 2312 765 2372 ὅπερ
772 2327 792 2356 ιο

54 2385 171 2432 ἀκόλουθον
185 2380 210 2443 ήν
224 2392 267 2439 τοῖς
281 2386 400 2444 είρήμίνοις’
416 2387 465 2444 ἐρεῖς
475 2381 513 2431 οῦν
527 2405 570 2444 μοι,
586 2388 605 2430 τί
619 2386 646 2430 ἐτι
660 2386 765 2444 μὲμφεται;

52 2464 81 2521 τῷ
94 2458 133 2516 γὰρ
149 2456 260 2517 βουλήματι
275 2456 339 2503 αῦτοῦ
352 2461 382 2510 τίς
397 2457 528 2515 ῦνθέστήκεν;
550 2457 593 2503 ἐντί
608 2462 645 2502 τοῦ
661 2458 767 2517 θαρρήσας

4 2590 6 2596 Ι
53 2531 75 2576 δέ
88 2538 132 2584 ταῖς
146 2537 254 2588 νραφικαίς
268 2533 386 2590 μαρτυρίαις
400 2528 427 2583 ώς
442 2529 467 2576 ῦν
482 2528 580 2587 σῦμφωνα
596 2527 625 2582 οἷς
634 2529 697 2588 λέρεις
707 2530 768 2585 αὐτὸς

54 2601 195 2654 διδασκοῦσαις
209 2601 270 2660 ήμῦις,
286 2603 335 2660 ἐρεῖς
350 2601 377 2655 ώς
392 2602 442 2647 οῦτε
451 2602 543 2659 μέμψεως
552 2602 598 2646 οῦτε
607 2606 703 2659 τιμωρίας
714 2604 768 2658 ῦίξιος

54 2674 73 2720 εί
87 2674 148 2729 τιυδς,
170 2674 239 2733 γνώμῃ
254 2674 290 2732 μὲν
305 2676 366 2735 οίκείμ
380 2674 472 2731 κρείττων
487 2673 555 2730 οῦδέν,
578 2673 654 2733 ῦνίινκή
674 2676 695 2722 δέ
710 2679 794 2722 είκωνει

54 2753 96 2801 τοῖς
111 2748 206 2793 δοκοῦσιν
222 2745 285 2809 αὐτῷ,
300 2747 333 2792 καί
348 2744 395 2792 οῦδέ
410 2747 511 2804 αίρείσθαι
525 2744 570 2806 παρ’
582 2746 646 2794 ἐκεῖνα
658 2746 769 2807 δυνάμενος

100 2904 127 2931 τε.
141 2896 159 2929 V.
171 2890 323 2937 ουνιιπιλένχεοθοι
334 2894 387 2928 Ιειιίτε
399 2902 432 2926 non
444 2893 511 2928 habent.
