1773 3073
120 68 141 103 ὀύ
339 67 450 101 THEODORI
462 66 613 102 MOPSVESTENI

122 177 188 219 λεπίσιν
203 172 249 222 έθος
263 170 310 221 τούς
324 169 459 226 δορυφόρους.
490 169 527 228 Μὴ
546 173 615 215 τοίνυν
630 173 691 229 φησὶν
705 167 732 220 τάς
751 169 837 227 βασιλίδι

121 251 145 303 τῇ
165 244 248 302 ἁμαρτίηι
269 239 388 293 σπεύδοντες
407 240 551 300 ὑπηρετεῖσθαι
570 243 714 300 διαπράττεσθε
729 240 743 286 οἳ
757 240 783 298 μη
799 243 837 297 δεῖ,

123 312 246 360 σπουδάσατε
263 311 285 356 δὲ
304 315 380 369 μάλλον
400 311 485 365 ἑαυτούς
504 311 601 373 ἀφορίσαι
620 318 648 377 τῷ
667 317 709 375 δεῷ
725 311 776 358 κατά
790 312 838 366 τούς

122 388 143 430 ἐκ
157 388 232 438 νεκράν
247 382 408 441 άναβιιύσοντας,
431 384 475 430 ὅλοι
488 384 518 430 ,δι’
534 384 587 431 ὅλοιν
601 385 625 431 τά
645 383 774 442 δικαιοσύνης
791 384 838 440 ἔργα

106 463 184 502 ιποιείν
203 454 353 509 ἐσπουδακότες.
385 455 557 515 Θαυμασιάτατον
576 458 598 503 δέ
617 456 680 503 αύτού
698 456 731 502 τύ·
755 453 801 501 άσεί
818 456 839 501 ἐκ

121 531 196 585 νεκράν
212 530 294 585 ζῶντας,
311 527 426 582 δεικνύντος
441 529 471 575 δτι
486 528 511 574 ού
521 528 544 575 τδ
554 533 636 588 πρὰχμα
647 527 692 589 παρ’
703 526 839 575 αύτάνάπαι-

121 608 156 649 τεί,
172 599 274 657 ἁλλάτὴν
288 600 338 645 κατά
353 600 376 645 τὸ
392 600 481 646 δννατδν
500 602 592 658 μίμησιν·
614 605 685 654 ζῶντες
704 601 741 658 μέν
760 599 799 657 γάρ
819 600 840 649 ἐκ

121 676 196 729 νεκράν
206 669 250 714 τότε
262 671 351 723 ἔσονται,
367 672 413 716 νυνί
429 671 451 717 δέ
466 669 492 724 οδς
507 672 528 716 έκ
541 674 618 728 νεκράν
634 670 704 727 ζῶντές
718 681 781 729 φησιν
796 667 840 716 άντί

121 748 157 788 τοῦ
175 742 225 787 κατά
243 742 266 788 τὸ
284 744 373 789 δννατδν
390 745 454 789 έκεῖνο
474 743 601 802 μιμούμενοι.
630 745 671 788 Καὶ
684 746 749 795 καλῶς
763 745 841 789 πείθων

96 815 197 867 ιοαιίτούς
215 814 242 872 μη
262 816 373 860 δεδοικέναι
390 816 427 874 την
444 817 488 875 περὶ
502 815 525 860 τὸ
540 815 662 874 ἁμαρτάνειν
676 815 742 873 ῥοπίχν
756 817 789 860 καί
805 815 841 868 τάς

123 884 217 934 ἐντεῦθεν
231 886 327 947 κινήσεις,
343 891 360 933 εί
373 888 398 933 τά
412 893 447 946 τῆς
461 888 542 946 χννίμης
556 887 639 944 άκέραια
654 888 746 943 στάζοντα,
762 888 841 945 έπάχει·

123 959 209 1018 ἁμαρτία
223 958 262 1017 γάρ
277 957 335 1017 ύμάν
349 958 374 1005 ού
388 959 495 1018 κυριεύσει.
523 960 601 1019 Ἐπειδὴ
621 959 660 1018 γάρ
681 950 721 1006 άπύ
739 963 780 1005 τάν
798 964 841 1018 μελ-

123 1032 201 1078 λόντων
219 1031 246 1088 μὴ
265 1035 306 1076 δεῖν
326 1031 402 1084 αύτούς
422 1031 544 1089 ἁμαρτάνειν
559 1032 639 1087 ἔδειξεν,
663 1030 782 1084 άκολούθως
797 1032 842 1089 ἔκη’-

123 1107 202 1162 χαμεν,’
213 1102 244 1148 ὅτι
258 1107 355 1161 κρατῆσαι
369 1101 427 1161 ὑμῶν
441 1102 534 1149 καθόλου
548 1103 585 1162 την
600 1102 699 1162 ἁμαρτίαν
714 1107 754 1149 τάν
769 1101 844 1149 ἁδονά-

99 1194 173 1223 ιινων·
189 1176 242 1221 έσται
257 1175 296 1234 γάρ
310 1176 381 1235 καιρὸς
396 1174 406 1221 ὁ
421 1176 507 1234 μέλλων,
523 1177 545 1222 έν
559 1196 575 1237 φ
590 1176 656 1235 πάσης
670 1175 768 1235 ἁμαρτίας
782 1175 843 1233 νίπηλ-

125 1249 219 1307 λαμμένοι
233 1248 383 1304 πολιτεύσεσθε,
399 1247 449 1294 έίστε
464 1251 481 1294 εί
495 1251 534 1294 νύν
548 1248 573 1294 τά
587 1253 622 1306 της
636 1247 716 1306 χνάμης
730 1246 788 1305 ἁμάν
801 1246 843 1305 ύχι-

126 1325 190 1378 αίνοι,
210 1320 264 1367 δίναν
283 1318 335 1373 είδος
356 1318 454 1378 ἁμαρτίας
475 1319 656 1378 άποστρεφομένων
675 1322 708 1366 καί
727 1322 806 1378 σπονδῇ
820 1319 844 1364 τοί

125 1394 176 1440 καλά
190 1398 255 1438 ποιεῖν
270 1391 391 1444 έδελόντων,
414 1391 439 1437 ού
457 1395 488 1437 δεῖ
504 1391 615 1437 δεδοικέναι
634 1391 672 1449 την
691 1393 722 1437 ἐπὶ
737 1392 760 1437 τδ
772 1393 844 1449 ’χεῖρον

126 1465 199 1523 ῥοπήν·
222 1463 305 1521 ληδεται
318 1463 357 1521 γάρ
371 1467 426 1508 ίασιν
440 1468 500 1508 τοῦτο
514 1462 594 1514 πάντας
609 1464 630 1507 έν
644 1467 708 1523 καιρῷ
722 1467 750 1523 τῷ
768 1462 842 1519 προση-

102 1555 184 1583 ενκοντι
201 1537 233 1579 καί
252 1533 276 1580 υύ
295 1537 350 1594 χρεία
364 1538 404 1579 τιδν
418 1533 519 1592 ἡμετέρων
533 1533 584 1592 πρὸς
598 1540 658 1579 τοῦτο
673 1534 753 1587 πόνων,
776 1537 809 1581 καί
823 1534 846 1580 τὸ

128 1614 204 1666 μεῖζον·
227 1605 252 1652 ού
266 1606 304 1665 γάρ
320 1606 362 1651 έστὲ
376 1604 416 1652 ὑπὸ
431 1605 506 1663 νόμον,
530 1605 571 1651 ἁλλ’
586 1605 626 1651 ὑπὸ
646 1606 710 1665 χάριν,
743 1611 845 1652 Τοσούτνν

127 1681 167 1738 γάρ
182 1679 262 1734 άφέξετε
276 1677 320 1723 τύτε
334 1680 368 1723 καί
381 1696 400 1722 τι
414 1683 508 1723 τοιοῦτον
523 1679 644 1733 δεδοικέναι,
661 1679 710 1723 άίστε
721 1679 768 1724 οὐδὲ
777 1680 846 1737 νόμων

128 1751 177 1810 ’ὑμῖν
195 1749 260 1809 δεήσει
276 1754 316 1796 τῶν
332 1748 495 1795 ύποδεικνύντων
515 1748 636 1807 ἁπράττειν
655 1751 761 1810 προσήκει,
783 1751 847 1810 χάριτί

129 1825 196 1869 τεκαὶ
211 1826 312 1882 φιλοτιμίη
327 1827 363 1866 τού
379 1821 488 1872 δεδωκότος
502 1826 537 1878 τῆς
552 1827 588 1866 τον
598 1822 711 1879 πνεύματος
724 1822 847 1867 άπολαύσετε

104 1897 212 1950 οεδωρεάς.

171 1967 208 2017 VI,
227 1971 257 2010 15,
290 1968 354 2009 Τοῦτο
367 1963 472 2016 Ἰουδαίοις
487 1963 571 2021 μάλιστα
586 1964 649 2021 λέγειν
665 1966 723 2023 ένην,
739 1966 769 2010 ὅτι
782 1965 847 2022 κάμον

130 2039 192 2098 φύσις
212 2039 302 2095 διορίζει,
322 2039 341 2081 τί
354 2036 391 2093 μὲν
405 2034 499 2094 πράττειν
513 2035 620 2094 προσήκει,
640 2039 659 2080 τί
673 2036 694 2082 δέ
709 2036 742 2095 μη.
771 2040 798 2083 Ei
812 2038 848 2094 μὲν

131 2107 168 2158 νύν
188 2110 224 2165 ἔξω
242 2108 308 2167 νόμον
325 2106 459 2166 τυγχάνομεν,
482 2106 541 2153 οὐδέν
560 2106 586 2153 άν
605 2107 680 2154 κωλύοι
697 2109 720 2155 τά
735 2109 848 2167 προστυχὸν

130 2186 220 2235 ἅπαντας
235 2180 339 2239 πράττειν,
360 2183 376 2224 εί
396 2181 417 2225 δέ
434 2180 475 2225 ἐστί
492 2198 522 2233 τις
539 2180 642 2238 πρακτέων
660 2181 734 2240 καὶμὴ
751 2180 849 2227 τοιούτων

105 2274 123 2302 νο
131 2257 236 2313 διάκρισις,
257 2251 298 2299 ύπδ
317 2251 381 2310 νόμον
399 2251 460 2297 πάλιν
474 2252 543 2309 ἐσμέν,
566 2254 598 2297 καί
613 2256 678 2310 σχῆμα
692 2253 752 2308 ψιλὸν
768 2255 806 2313 έχει
824 2253 848 2299 τά

131 2330 227 2387 λεγόμενα
241 2325 286 2381 παρ’
301 2325 364 2382 ύμοίν,
396 2324 476 2381 Ταύτην
493 2326 562 2369 τοίνυν
578 2323 666 2377 άντιδείς
681 2326 745 2387 ἑαυτῷ
759 2326 796 2384 την
814 2326 849 2371 άν-

132 2403 231 2459 τίρίρησιν,
252 2398 303 2455 λέχει
321 2397 358 2454 μέν
375 2400 417 2449 πῶς
432 2393 530 2453 ἁμαρτίας
545 2395 600 2449 ἐκτὸς
615 2395 665 2441 εἶναι
680 2401 781 2456 προσῆκεν
799 2395 850 2456 ἡμεῖς

133 2471 170 2529 ούχ
182 2470 222 2516 ἁπδ
237 2470 300 2528 νόμον
315 2469 385 2521 ὄντας,
406 2468 459 2520 ὅπως
475 2468 496 2512 δέ
512 2466 523 2526 ἡ
537 2473 573 2527 της
587 2467 668 2527 χάριτος
683 2468 794 2523 ἀπόλαυσις
812 2469 850 2515 οὐκ

133 2544 202 2587 άδειαν
216 2542 263 2600 ἡμῖν
278 2546 314 2585 τοῦ
329 2539 451 2598 ἁμαρτάνειν
466 2540 577 2599 παρέχεται.
607 2540 648 2584 Καί
662 2539 725 2593 εύδύς
735 2542 772 2598 μέν
783 2535 850 2598 έπίιμει

106 2613 183 2666 ιτκατά
196 2613 219 2657 τὸ
234 2613 321 2671 σύνηθες
336 2610 402 2673 αὐτῷ’
422 2611 449 2671 μὴ
464 2611 552 2671 γένοιτο,
572 2616 609 2656 τού
629 2610 750 2671 ἁμαρτάνειν
767 2616 799 2659 καί
814 2613 850 2671 τὴν

180 2782 193 2806 ⁵.
206 2773 230 2805 De
242 2772 314 2806 lectione
330 2766 370 2805 άοεί
388 2782 402 2805 τ,
416 2772 692 2813 FritzschiumadR0m.6,13.
711 2775 722 2806 Ι.
735 2785 751 2816 μ,
763 2774 800 2806 λολ.
826 2780 849 2806 κο,

134 2836 190 2871 Libri:
203 2827 319 2866 άπολιιύοεται.
343 2838 369 2865 κε.
382 2833 436 2874 δρία,
450 2843 464 2866 ο.
479 2833 533 2866 Uram.
546 2842 561 2874 ρ,
574 2832 600 2865 71.
