1723 3073
236 151 258 184 ΙΝ
270 150 393 188 EPISTOLAM
405 151 433 185 An
446 151 555 187 ROMANOS.
734 149 753 185 θλ

40 252 111 301 καινόν
129 254 205 313 ἐγένετο
222 258 269 306 νῦν,
291 254 392 314 παρόμοια
413 256 434 304 δέ
451 264 492 312 τοίς
510 256 554 304 τότε
574 254 757 315 όπομεμενηκασιν,

40 325 203 386 προτετιμηκότες
219 331 255 372 τού
272 331 384 384 κρείττονος
400 329 422 375 τό
440 336 515 389 χείρον’
534 330 601 389 ἐπειδη
616 329 654 389 γολρ
670 327 710 375 οἰπό
724 332 759 387 της

0 421 1 451 ι
41 401 117 445 έαυτοίν
136 399 237 458 οἰποβολης
255 400 361 457 ἐπειρῶντο
377 402 400 447 τό
417 403 552 460 γριστιανικόν
570 401 635 461 δόγμα
655 401 759 460 διασύρειν

40 473 143 527 Ἰουδαῖοι,
165 472 277 528 ιίναγκαίως
292 473 325 518 διοί
339 475 437 520 πλειόνων
452 473 462 519 ό
478 475 588 528 ἀπόστολος
603 478 692 521 δείκνυσι
708 472 758 518 ποίν-

41 562 85 590 τοτε
99 543 210 597 τοιούτους
219 542 293 597 αὐτούς
308 546 351 603 περὶ
366 545 402 604 την
417 544 518 604 εὐσέβειαν
532 547 640 605 γεγονέναι.
777 556 785 584 5

83 617 124 668 XI,
141 622 173 661 λλ.
191 622 221 661 12,
249 615 307 661 Ἀλλὰ
326 616 353 675 μὴ
373 622 433 662 τούτο
452 617 517 675 φαμέν
537 617 567 663 ότι
586 618 693 677 σφαλέντες
714 617 759 675 περὶ

42 688 78 747 την
98 687 200 746 εὐσέβειαν
219 690 251 733 καί
271 688 297 746 μη
318 689 458 740 πιστεύσαντες
474 693 501 750 τῷ
520 694 598 751 Χριστῷ
618 693 703 745 παντελῆ
721 688 759 746 τὴν
817 681 819 683 ’

0 760 1 764 ’
43 760 146 820 ολποβολην
160 759 278 818 ὑπέμειναν,
293 759 325 813 τός.
335 763 432 819 μηδεμίαν
447 759 515 813 αότοίς
530 761 598 806 ἐλπίδα
613 764 710 820 σωτηρίας
726 777 758 805 πε-

0 824 1 840 λ
43 837 181 891 ριλειφθῆναι,
196 832 235 878 κοίν
245 835 262 877 εἰ
274 830 380 889 βούλοιντό
394 849 442 876 ποτε
456 832 506 889 πρός
519 832 542 877 τό
557 840 644 891 κρεῖττον
659 837 716 886 ἰδεῖν,Ι
731 831 758 890 μη

42 905 131 963 γένοιτο·
147 903 265 950 τούναντίον
274 902 313 962 γόρ
328 904 428 963 μέμνημαι
443 904 533 963 εἰρηκώς,
550 905 579 951 ότι
593 904 631 951 αἰέν
645 904 693 957 τούς
706 906 785 949 πλεί-1ῦ

0 992 1 996 ’
46 990 105 1029 στους
115 976 183 1022 αύτολυ
193 976 227 1021 διόι
237 975 273 1034 την
283 974 376 1021 ολπιστίαν
387 976 453 1022 αύτιόν
466 976 606 1035 τίποβληθηναι
618 978 701 1036 συνέβη,
717 975 758 1021 ἀλλ’

45 1044 88 1095 νόν
97 1066 119 1106 γε
134 1052 154 1094 οἰ
162 1047 313 1101 πεπιστευκότες
328 1049 347 1103 ἐξ
363 1048 429 1093 αὐτῶν
443 1043 529 1106 καίτοιγε
544 1049 595 1107 ἰίγαν
609 1049 664 1102 ὅντες
678 1047 759 1103 εύαρίθ-

45 1139 113 1179 μητοι,
128 1126 177 1166 πιλσι
191 1128 233 1173 τοῖς
248 1121 267 1174 ἐξ
281 1121 347 1166 ἐθνῶν
358 1123 455 1179 σωτηρίας
465 1121 556 1178 ἐγένοντο
566 1122 666 1179 πρόξενοι,
682 1121 760 1181 ἐπείπερ

45 1192 131 1244 όίπαυτες
146 1186 202 1237 οὗτοι
216 1196 253 1237 τοῦ
267 1195 302 1250 της
317 1191 415 1250 εὐσεβείας
427 1191 545 1250 μαθήματος
557 1192 593 1244 τοίς
605 1191 697 1251 οἰφορμοίς
713 1192 761 1236 ἐκεῖ·

45 1272 82 1310 θεν
100 1265 202 1319 ἐδέξαντο,
223 1265 272 1309 ὥστε
290 1266 362 1318 ἐξεστιν
379 1266 412 1309 καί
426 1270 467 1316 τοίς
484 1268 522 1309 νόν
536 1263 641 1309 ιλπιστούσι
659 1269 699 1309 τῶν
712 1263 787 1308 ’λου-15

46 1338 109 1382 δαίων
122 1334 171 1388 τούς
185 1336 205 1390 ἐξ
220 1334 287 1381 αότολν
301 1334 455 1388 πεπιστευκότας
469 1335 508 1395 ἤδη
522 1335 656 1395 μιμήσασθαι,
676 1334 727 1397 ζίγλφ
742 1352 761 1379 τε

46 1409 118 1470 ιλγαθηί
132 1414 166 1467 της
180 1409 230 1466 πρός
244 1408 267 1454 τό
281 1416 370 1465 κρεῖττον
385 1410 508 1466 ἐπιθυμῆσαι
517 1411 589 1467 ῥοπῆς·
606 1407 664 1468 όγόιρ
675 1410 763 1460 ἐκείνους

46 1480 199 1533 πεπιστευκότας
214 1480 251 1526 ούκ
268 1479 404 1537 εἰσδεξόμενος
423 1479 495 1538 μόνον,
513 1479 563 1525 οἰλλίι
581 1482 613 1525 καὶ
631 1479 764 1532 διδασκάλους

47 1553 154 1612 ιίποφηίνας
171 1557 206 1610 της
224 1553 351 1610 οἰκουμένης,
372 1556 435 1610 δηλον
452 1550 479 1604 ιός
497 1551 544 1596 ούδέ
560 1552 645 1604 τούτους
662 1556 764 1597 πιστεύσαι

47 1625 183 1684 βουληθέντας
203 1628 230 1677 εἰς
249 1623 311 1670 αὐτόν
330 1624 438 1682 ἀδοκίμους
457 1622 559 1682 ηγησεται.
591 1623 618 1668 Τό
637 1623 676 1682 γὰρ
697 1626 724 1676 εἰς
742 1623 790 1668 τόεν

46 1701 188 1755 παραζηλῶσαι
205 1695 280 1750 αύτούς
296 1696 320 1742 ού
335 1696 383 1748 τούς
398 1697 417 1751 ἐξ
433 1694 499 1741 ἐθνιθυ
514 1695 541 1749 όίς
555 1714 607 1749 τινες
624 1694 721 1758 ᾠήθησαν
735 1696 765 1741 λέ-

46 1789 84 1828 γει,
101 1768 151 1814 ολλλίι
165 1768 214 1822 τούς
229 1770 248 1824 ἐξ
264 1768 341 1825 αύτιόν,
364 1771 391 1822 εἰς
406 1768 507 1823 οἰπόδειξιν
522 1767 572 1814 αύτό
587 1768 670 1827 εἰρηκὼς
686 1772 722 1813 τού
737 1770 765 1822 ἐξ-

47 1849 98 1889 εῖναι
112 1845 237 1901 εἰσδεχθῆναι
253 1843 285 1886 καί
300 1840 394 1897 τούτους,
416 1844 432 1886 εἰ
447 1840 471 1899 δη
486 1844 590 1886 πιστεύσαι
604 1838 721 1899 βούλοιντο
743 1840 765 1887 τό

47 1914 115 1972 μέντοι
130 1917 157 1966 εἰς
170 1913 193 1957 τό
208 1918 350 1970 παραζηλῶσαι
365 1913 439 1965 αύτούς
454 1913 491 1958 ούκ
506 1914 536 1958 ἐπὶ
552 1915 615 1965 αἰτίας
632 1914 693 1971 λέγει,
716 1912 766 1958 οἰλλολ

47 1986 70 2030 τό
90 1986 187 2044 ἐπίμεινον
204 1985 269 2046 ἐαυτῷ
287 1983 391 2042 συνήθως,
415 1984 459 2029 οἰντί
476 1989 512 2029 τοῦ
531 1987 548 2029 εἰ
571 1986 643 2029 ἐκεῖνον
663 1989 793 2030 πιστεύσαιετ

48 2058 180 2116 βουληθέντες
199 2057 339 2114 εἰσεδέχθησαν
358 2058 391 2100 καί
409 2056 524 2101 διδοίσκαλοι
540 2064 581 2109 τοῖς
600 2058 619 2110 ἐξ
642 2058 708 2102 ἐθνῶν
727 2057 767 2114 ἐγέ-

48 2148 120 2184 νοντο,
141 2128 242 2187 πρόδηλον
262 2127 289 2180 οδς
307 2129 368 2183 ἐξεστι
382 2129 414 2174 καί
432 2127 510 2180 τούτοις
525 2129 575 2173 κατὰ
590 2131 672 2186 μίμησιν
687 2130 767 2173 ἐκείνων

48 2207 83 2260 τῆς
101 2205 128 2255 εἰς
141 2201 179 2260 την
193 2205 259 2247 πίστιν
273 2200 354 2246 εἰσόδου
368 2207 439 2260 τυχεῖν.
468 2199 520 2246 Εἶτα
534 2203 567 2245 καλ
581 2201 681 2260 ποθεινὴν
700 2200 767 2245 αὐτῶν

48 2274 85 2332 την
100 2272 223 2331 ἐπιστροφὴν
238 2273 368 2332 ἐργαζόμενος
383 2272 451 2331 ἐπείγει
465 2274 498 2318 καὶ
513 2275 585 2331 φησίν·
605 2276 624 2317 ἐἰ
637 2273 676 2331 γίιρ
691 2273 713 2317 ἐν
728 2272 766 2318 ὀλί-

51 2366 95 2406 γοις
110 2348 160 2405 φησί
174 2347 207 2391 καί
222 2345 432 2407 ι’ίγανεεύαριθμητοις
446 2345 544 2404 τοσαύτης
555 2345 652 2404 ἐνεγένετο
662 2351 704 2397 τοίς
717 2344 794 2391 κατόθῦ

49 2419 86 2478 τὴν
101 2419 220 2478 οἰκουμένην
235 2418 353 2476 οίνθριόποις
366 2425 432 2478 τυχεῖν
450 2417 552 2476 ἀφθονίας
570 2417 666 2475 ύγαθολυ,
688 2419 707 2462 τί
720 2435 768 2463 ποτε

50 2493 90 2550 όίρα
105 2496 135 2538 δεί
148 2495 235 2550 νομίζειν
250 2484 341 2547 ἐσεσθίιι,
357 2494 374 2536 εἰ
387 2490 463 2542 πάντας
478 2488 553 2542 αὐτούς
568 2487 682 2547 συμφώνως
696 2487 769 2536 όποδέ-

50 2569 124 2619 ξασθαι
138 2564 174 2610 τόν
189 2563 276 2622 Χριστόν
291 2563 374 2621 συνέβη,Ι

97 2744 121 2767 ιο.
135 2730 232 2777 θρεπτικόν
244 2733 323 2774 εἰςτοὺς.
347 2741 371 2766 εκ.
384 2734 424 2766 Post
436 2743 450 2765 ιι
464 2730 516 2776 φησίν
528 2733 558 2765 Th.
572 2733 630 2775 procul
643 2734 695 2767 dubio
708 2738 769 2768 textum

52 2807 78 2831 vs.
97 2795 123 2829 ιθ.
140 2798 223 2838 posuerat.
254 2804 279 2829 το.
291 2796 337 2829 Haec
353 2796 436 2836 postrema
452 2792 543 2836 fragmenti
556 2793 612 2828 'verba
627 2793 679 2828 habet
694 2796 744 2829 etiam
757 2805 770 2828 ο.

52 2858 98 2893 Mon.
114 2860 131 2892 εἰ
144 2856 219 2892 Diodoro
237 2857 296 2892 tribuit
313 2855 335 2900 (ο.
348 2855 401 2891 cram.
414 2864 430 2898 p.
443 2854 493 2900 λθδλτ
517 2851 540 2889 Εἰ
553 2845 584 2890 οὖν
600 2849 618 2890 ἐν
631 2849 693 2901 ὀλίγοις
705 2853 733 2891 καὶ
748 2873 771 2888 -,

53 2919 74 2954 ih.
87 2918 105 2952 G.
118 2919 172 2954 Mona
185 2911 254 2959 ἐγένετο.
279 2925 304 2951 τι,
317 2917 368 2959 spic.:
382 2914 409 2949 δεῖ
420 2908 452 2959 ἰίρα
465 2914 495 2950 δεῖ,
520 2924 543 2949 ει,
558 2915 575 2950 C.
588 2916 643 2952 λίνος
660 2912 708 2951 δτιεδ.
721 2925 771 2959 τυμφ.
