1723 3073
239 135 262 168 IN
273 135 395 169 EPISTOLAM
407 137 436 168 ΑΙ)
448 135 568 169 HEBRAEOS.
727 130 759 166 167

43 235 70 290 ῦς
84 237 110 284 ἀν
125 236 222 296 ἀορίστου
236 238 384 296 διαλεγόμενος,
399 239 423 285 οῦ
438 241 552 298 δυναμένου
567 240 603 297 μέν
617 244 660 291 τοῖς
673 243 759 295 παρελη-

42 309 125 366 λυθόσι,
147 308 262 367 δυναμένου
280 309 301 354 δέ
319 311 351 355 λαὶ
367 316 409 364 τοῖς
425 313 530 371 μέλλουσιν
550 311 665 372 άρμόττειν·
687 312 706 355 τί
719 308 758 369 γάρ

42 396 100 441 φησι,
123 381 170 427 καθ’
190 380 274 439 ἐαάστην
294 380 369 439 ἡμέραν
387 383 410 427 τδ
429 384 515 444 σήμερον
534 385 627 443 λέγεσθαι
640 383 692 444 πρός
705 382 758 442 ήμάς

41 459 167 512 νομίσαντες,
190 454 254 507 οίίτως
276 454 399 511 ἐπιμελεῖσθε
417 462 453 502 τοῦ
473 458 538 514 μένειν
560 460 591 504 ἐπὶ
611 462 647 515 τής
668 460 757 509 πίστεως,

40 525 77 578 Ὡς
90 526 129 585 γάρ
144 531 180 571 τοῦ
195 525 282 584 σήμερον
296 525 452 583 τήυπαροῦσαν
466 532 596 586 σημαίνοντος
614 528 700 588 ἡμέραν,
722 528 757 573 οῦ-
775 543 783 569 5

43 616 81 649 τως
96 597 164 650 αὐτοῖς
179 597 335 655 συνεβοῦλευσε,
357 598 529 655 ιιαταχρησάμενος
542 604 566 658 τή
580 604 666 660 σημασίηι
679 603 756 656 μάλλον

43 668 94 725 πρός
108 669 131 714 τδ
146 673 181 726 τῆς
195 667 329 725 παραινέσεως
344 665 451 726 ἀφέλιμον.

84 744 120 794 VI,
136 746 168 787 λδ.
201 739 229 786 Τδ
244 739 278 785 διά
293 738 330 785 δῦο
349 738 484 797 ἀμεταθέτων,
504 745 531 802 τῷ
550 759 570 787 τε
586 742 635 788 θεὸν
652 741 703 788 είναι
720 741 756 787 τόν

44 811 213 871 ἐπαγγειλάμενον
228 811 322 868 οῦδαμῦς
336 809 381 857 οἷόν
395 828 415 856 τε
429 811 551 868 ψεύσασθαι,
570 816 603 859 ταί
618 819 645 876 τῷ
660 813 705 872 μεθ’
723 814 755 871 ὅρ-

44 903 82 931 που
96 883 221 943 ποιήσασθαι
235 882 273 942 τήν
287 884 411 941 ἐπαγγελίαν.
763 900 782 930 ιο

85 962 122 1009 vl,
138 963 170 1002 20.
201 956 306 1014 Θεόδωρος
321 956 342 1001 δέ
357 967 419 1013 φησιν
434 954 506 1013 ὁμοίως
520 960 547 1017 τῷ
562 960 650 1018 μαααρίητ
664 958 754 1017 Ἰωάννη,

45 1030 141 1087 προσθεὶς
162 1027 193 1073 ὅτι
213 1027 295 1080 αίάνιος
313 1025 360 1086 ἡμῖν
378 1027 460 1086 γέγονεν
479 1026 580 1086 ἀρχιερεῦς
597 1027 608 1072 δ
626 1028 710 1088 Χριστός
728 1032 755 1090 τῷ

44 1101 122 1153 πάντας
135 1100 184 1153 τοῦς
193 1099 239 1145 πάθ’
251 1099 336 1157 έαάστην
349 1099 420 1157 γενεάν
434 1100 564 1151 πιστεύοντας
578 1099 601 1145 δι’
612 1100 682 1146 ἐαυτοῦ
696 1113 756 1158 προσ-

45 1171 100 1229 άγειν
120 1174 148 1232 τῷ
166 1173 207 1232 θεῷ
229 1171 260 1214 ἐπὶ
278 1174 302 1229 τή
320 1174 355 1227 τής
375 1170 502 1221 ἀναστάσεως
520 1171 593 1215 ἐλπίδα
617 1166 674 1223 οὗτος
692 1171 756 1229 γάρὸ

45 1242 168 1301 Μελχισεδέκ
183 1242 276 1300 βασιλεῦς
291 1242 371 1300 Σαλήμ,
387 1243 451 1300 ίερεός
465 1246 502 1287 τοῦ
517 1245 567 1287 θεοῦ
581 1246 617 1287 τοῦ
630 1241 719 1297 ῦτλίστου.
763 1261 781 1290 ιε

87 1317 131 1366 Vll,
147 1320 165 1359 δ.
194 1319 288 1372 Διηγελτο
302 1315 388 1372 ὕστερον
403 1315 457 1368 ὅπως
471 1313 482 1359 ό
497 1314 546 1367 ναός
560 1314 708 1366 αατεσειεῦαστο,
724 1317 757 1359 ααλ

45 1387 96 1445 λέγει
111 1386 148 1432 δόο
163 1385 215 1431 εἶναι
229 1386 265 1439 τάς
280 1386 363 1445 σκηνάς,
379 1386 420 1432 ἀλλ’
436 1391 464 1441 είς
478 1388 514 1445 μέν
529 1386 566 1446 τήν
579 1385 658 1446 πράτην
668 1386 700 1433 διά
709 1404 757 1433 παν-

45 1460 79 1512 τδς
93 1459 141 1511 τοῦς
156 1462 213 1518 ἱερεῖς
228 1458 325 1512 εἰσιόντας
339 1458 363 1504 τά
377 1460 511 1517 νενομισμένα
525 1461 628 1514 ἐπιτελεῖν,
647 1462 674 1512 είς
688 1459 709 1504 δέ
722 1459 758 1517 τήν

46 1533 140 1590 δευτέραν
159 1531 211 1584 άπαξ
229 1536 266 1576 τοῦ
286 1532 380 1577 ἐνιαυτοῦ
396 1531 432 1576 τόν
450 1533 541 1591 ἀρχιερέα
560 1531 631 1589 μόνον·
652 1533 684 1577 ααλ
697 1531 721 1590 δὴ
735 1531 758 1576 τό

47 1604 87 1649 ἀπδ
102 1603 180 1649 τοῦτων
196 1603 343 1661 σημαινόμενον
354 1605 454 1650 διδάσκειν
467 1604 597 1663 βουλόμενος,
613 1603 686 1662 ἐπάγει·
700 1608 784 1649 τοῦτοεο

46 1680 156 1734 δηλοῦντος
170 1681 207 1721 τοῦ
221 1675 334 1732 πνεύματος
348 1681 385 1720 τοῦ
400 1674 467 1732 άγίου,
483 1676 541 1733 μήπω
555 1679 707 1738 πεφανερῶσθαι
722 1674 758 1731 τήν

46 1751 86 1791 νῦν
105 1746 168 1805 ἀγίων
189 1746 244 1792 ὁδόν.
269 1746 346 1805 Ὥσπερ
364 1750 434 1792 τοίνυν
452 1746 489 1805 οόχ
507 1747 519 1806 ή
534 1751 569 1792 τοῦ
583 1745 646 1792 τόπου
660 1745 719 1802 φόστς
732 1739 758 1802 ἦν

46 1818 129 1877 ἀβατος,
149 1819 179 1878 ἐφ’
201 1815 226 1864 οῦ
244 1819 268 1877 δή
288 1819 324 1864 τόν
344 1818 450 1878 ἐνδότερον
464 1819 521 1865 οίτον
534 1815 771 1886 αατεσαευάσθαισυνέ-Α

46 1894 124 1949 βαίνετ’,
148 1890 189 1936 ἀλλ’
208 1890 221 1949 ἡ
240 1889 352 1949 αατασαευή
370 1893 403 1937 παλ
424 1892 446 1937 τδ
466 1890 551 1949 νόμιμον
567 1891 599 1935 ααί
613 1887 626 1945 ἡ
643 1893 679 1935 τοῦ
696 1881 768 1935 τόπου

47 1962 154 2022 ἀφιέρωσις
169 1963 245 2022 άβατον
259 1964 321 2009 ἐποίει
335 1962 371 2008 τόν
385 1963 459 2019 τόπον,
475 1963 527 2021 ὅμως
541 1961 640 2020 σάμβολου
655 1961 693 2018 ἐφη
708 1960 784 2008 είναιεε

46 2038 107 2080 τοῦτο
121 2038 161 2080 τάν
175 2034 280 2093 οόρανῦν,
300 2035 354 2081 οῦτω
367 2035 475 2082 τάνταῦθα
489 2033 608 2094 βουλόμενος
622 2031 657 2077 τδν
671 2032 758 2089 Χριστόν

47 2106 139 2164 ἀρχιερέα
154 2109 217 2161 δείξαι
230 2107 280 2152 πατά
295 2107 331 2166 τήν
346 2108 402 2162 τάξιν
416 2107 545 2165 Μελχισεδέκ,
560 2107 610 2162 λέγει
623 2103 648 2148 τά
659 2102 699 2148 κατ’
711 2105 758 2148 ἐτεί-

46 2195 93 2233 νον,
109 2176 134 2223 οῦ
148 2178 186 2237 τήν
200 2178 264 2236 φῦσιν
278 2178 421 2237 ἐξηγούμενος,
436 2178 487 2225 ἀλλά
500 2177 537 2234 τήν
545 2175 586 2221 κατ’
597 2174 659 2220 αῦτδν
668 2173 758 2232 διήγησιν

48 2247 93 2295 ἀττδ
106 2252 141 2310 τῆς
159 2252 217 2303 θείας
236 2252 299 2304 τιθείς
317 2255 396 2309 γραφῆς
413 2252 447 2295 ααλ
469 2247 501 2294 ἀπ’
521 2250 594 2306 ἐαείνης
612 2247 714 2304 ἐμφαίνων
734 2244 757 2290 τδ

47 2321 123 2380 δμοιον.
151 2321 251 2382 Ἆπάτορα
269 2326 339 2369 τοίνυν
356 2325 389 2368 ααλ
409 2321 499 2380 ἀμήτορα
517 2325 580 2372 καλεῖ,
602 2316 629 2370 τίς
648 2321 682 2375 τής
701 2319 790 2369 θείαςςο

47 2395 207 2452 γραφήςγονέας
221 2395 284 2441 αῦτοῦ
298 2396 325 2454 μή
340 2396 480 2454 διηγουμένης,
495 2393 544 2437 όθεν
558 2389 642 2448 ἐπήγαγε
655 2388 678 2434 τό
692 2387 757 2445 ἀγενε-

48 2464 153 2523 αλόγητος,
176 2468 256 2520 δετανῦς
273 2467 304 2513 ότι
321 2466 345 2513 οά
365 2467 427 2525 φῦσιν
440 2465 491 2521 λέγει
505 2467 541 2509 τοῦ
555 2460 638 2519 ἀνδρὸς,
660 2459 711 2505 ἀλλά
724 2465 759 2519 τῆς

48 2540 105 2591 θείας
120 2544 199 2597 γραφῆς
213 2540 315 2598 διήγησιν
334 2538 367 2586 εἶτ’
383 2535 518 2584 ἐπισυνάπτει’
532 2533 580 2592 μήτε
594 2531 656 2591 ἀρχήν
670 2530 758 2591 ήμερτλν,

95 2717 322 2765 ε,(1.(]ε.ιείτιμελεῖσθατ.
346 2729 359 2753 ε.
373 2720 390 2752 C.
403 2716 504 2759 δεμ-199.
517 2709 624 2749 (τλδὲοίίτω
632 2712 679 2759 φησί.
703 2723 729 2748 11.
742 2715 758 2749 C,

49 2781 76 2814 Cr.
89 2792 104 2823 μ.
116 2782 154 2814 201.
167 2780 203 2823 (Θ.)
228 2789 253 2815 16.
266 2783 283 2816 C.
296 2782 322 2815 Gr*
334 2790 349 2821 p.
362 2778 399 2811 203,
412 2775 448 2820 (Θ.)
467 2775 487 2810 Θ.
499 2783 547 2819 φησι·
564 2772 586 2809 τά
601 2771 680 2818 εἰρημένα
692 2773 714 2820 τῷ
725 2773 757 2818 πρὸ

49 2836 216 2886 αότοῦίδεεεείααο)
229 2839 252 2885 μὴ
265 2831 535 2881 ἀποδεξάμενος,ταῦταέπάγευ
560 2834 637 2874 τε.9,8.
660 2842 685 2868 τε.
698 2834 758 2868 0.an
805 2832 808 2835 ’

49 2900 77 2933 δεῖ
86 2899 120 2935 τόν.
