1773 3073
120 69 141 105 38
338 70 451 103 THEODORI
463 69 613 104 MOPSVESTEM

122 176 159 238 ὁρηῖ
174 182 208 235 της
222 177 269 232 ἐμής
284 174 404 231 ἐξημμένονς
419 174 507 233 άγάπης,
529 175 607 221 τούτων
625 176 743 232 ἐπιμελεῖται
762 171 838 229 πολλήν

122 247 190 300 αὐτοῖς
204 250 244 292 των
257 249 398 302 πνευματικῶν
412 244 498 303 άγαθοῖν
512 246 550 305 τήν
564 248 681 304 περιουσίαν
700 243 837 304 χαριζόμενος,

123 321 158 372 οῦς
176 320 198 365 δέ
217 317 283 377 βλέπει
301 322 336 375 τής
355 319 403 376 ἐμής
421 317 611 377 άπεσχοινισμένους
631 317 739 368 διαθέσεως
758 318 786 368 είς
802 314 839 372 τήν

121 392 232 448 μέλλουσαν
247 389 341 434 ἐντεῦθεν
355 388 394 448 ήδη
409 389 505 448 φυλάττει
519 389 608 437 κόλασιν.

107 480 114 505 ε
162 464 208 513 XV,
223 465 241 505 8.
270 458 303 504 ’Ev
317 459 382 522 τούτῳ
398 461 509 520 ἐδοξάσθη,
524 462 613 507 τουτέστι
628 459 782 517 δοξασθήσεται·
797 457 841 503 άδι-
883 490 887 513 4

124 533 201 591 άφορος
211 530 249 590 γάρ
259 533 293 576 καί
307 530 319 590 ή
335 537 375 578 τοῖν
390 532 469 592 χρόνων
484 533 582 592 ἐναλλαγή
598 535 630 578 καί
645 535 700 578 πάσα
715 530 726 590 ή
740 534 775 589 τῆς
790 528 840 588 φρά-
885 592 887 595 .

122 617 171 658 σεως
185 603 286 656 σόνθεσις.
306 603 414 650 Ἐντεῦθεν
428 605 464 652 τδν
478 604 540 664 λόγον
555 604 671 659 άξιόπιστον
685 609 743 649 ποιεῖ.
764 605 790 647 Ea
802 601 841 659 γάρ

123 680 149 730 είς
164 677 225 731 δόξαν
239 680 276 720 τοῦ
291 676 367 735 πατρὸς
382 675 451 736 άνήκει
464 677 487 722 τδ
496 682 641 736 καρποφορεῖν,
658 672 695 721 οὐκ
705 672 798 733 άμελήσει
807 676 842 731 τῆς
885 686 887 724 5

123 749 181 808 δόξης
194 753 230 807 τῆς
245 748 319 793 ἐαυτοῦ
333 750 367 795 καί
381 748 490 808 γενήσεσθέ
504 768 538 807 μοι
552 751 646 808 μαθηταί.
674 747 736 809 Ὁρᾷς
750 744 842 799 πῶςτὸν

98 821 200 880 ιοκαρπόν
215 820 283 880 φέρων
298 821 374 874 ἐκεῖνός
389 822 430 867 ἐστι
444 820 545 879 μαθητήςς
564 824 588 866 Τί
602 822 667 866 ἐστιν·
683 818 784 880 ἐντούτῳ
799 819 841 863 ἐδο-

123 893 188 951 ξάσθη
204 891 215 937 ὁ
229 892 305 951 πατήρι
320 892 419 948 τουτέστι,
434 895 497 950 χαίρει
512 892 561 937 ὅταν
575 893 597 937 ἐν
612 892 655 949 ἐμοί
669 890 746 947 μένητε.

165 965 214 1019 XV,
229 969 262 1008 26.
287 964 332 1008 Ὅτι
352 964 373 1009 δέ
392 963 417 1008 οό
431 964 482 1022 πρὸς
496 963 555 1021 χάριν
569 967 654 1020 είρηται,
677 963 807 1018 ἐπιμαρτυρεῖ
820 961 842 1004 ’τδ

124 1039 202 1093 πνεῦμα
219 1040 262 1087 τοῖς
282 1034 406 1092 λεγομένοις,
428 1033 439 1079 δ
459 1035 478 1088 ἐξ
497 1033 559 1092 αὐτῆς
575 1037 612 1078 τοῦ
629 1032 706 1092 πατρὸς
723 1037 758 1090 της
773 1030 843 1084 οὐσίας

125 1107 163 1165 ἔχει
176 1105 214 1165 τήν
227 1105 320 1164 ὕπαρξιν.
355 1109 381 1150 Ee
394 1105 434 1163 γάρ
448 1104 475 1163 μή
491 1105 580 1163 φυσικήν
594 1106 672 1149 ἐκεῖθεν
686 1103 776 1163 πρόοδον
791 1104 844 1160 ἐλεγε

99 1177 158 1222 ιεδιά
172 1181 209 1222 τοῦ
223 1176 359 1235 ἐκπορεύεται,
382 1174 433 1221 άλλδι
451 1175 489 1234 τήν
503 1175 618 1235 ἀποστολήν
633 1176 708 1231 ἔξωθεν
727 1175 844 1234 γινομένην,

125 1249 203 1308 άπορον
217 1250 260 1307 περὶ
274 1251 329 1302 τίνος
343 1250 402 1307 λέγει,
418 1254 498 1295 πολλάν
513 1249 578 1294 όντων
592 1252 665 1302 κοινοῖς
679 1253 719 1294 τοῖν
733 1247 785 1294 κατά
801 1250 845 1292 δια-

125 1324 196 1367 κονίαν
210 1321 385 1379 άαοστελλομένων
404 1321 534 1379 πνευμάτων,
558 1320 585 1374 οῖς
600 1326 683 1374 Παῦλος
704 1319 715 1366 ὁ
733 1318 845 1372 άπόστολός

126 1405 186 1452 φησι
207 1392 252 1453 οὐχὶ
270 1392 342 1446 πάντες
362 1395 398 1439 είσί
419 1393 544 1451 λειτουργικά
563 1392 675 1452 πνεύματα,
696 1396 723 1445 είς
740 1394 845 1438 διακονίαν

127 1465 296 1522 ἀποστελλόμενος
317 1466 419 1510 Ἐνταῦθα
437 1465 459 1510 δέ
474 1465 538 1510 ῖδικόν
552 1467 571 1510 τί
586 1478 636 1524 φησι
649 1467 681 1510 καί
697 1464 724 1518 οῖς
738 1464 764 1510 άν
782 1465 845 1509 ἐκεῖνο

103 1539 224 1594 ιογνωρίσαι
241 1536 311 1581 ῖκανδν
331 1536 343 1580 δ
357 1535 420 1592 μόνον
439 1537 460 1580 ἐκ
477 1540 514 1580 τοῦ
531 1536 607 1594 πατρὸς
625 1537 752 1594 ἐκπορεύεται
770 1540 794 1594 τῇ
808 1540 846 1579 τοῦ

128 1607 243 1664 πνεύματος
263 1611 320 1666 φωνή
339 1610 412 1665 κυρίως
426 1606 552 1663 καλοόμινον
566 1607 588 1651 ἐν
602 1611 626 1666 τῇ
640 1609 686 1667 θείη
701 1609 776 1666 γραφή.
806 1607 846 1651 Καὶ

128 1678 184 1737 ὑμεῖς
194 1679 216 1724 δέ
226 1686 352 1737 μαρτυρεῖτε,
369 1679 439 1736 φησίν,
456 1678 486 1723 ότι
500 1677 532 1723 άκ’
549 1678 610 1736 ἀρχῆς
624 1677 663 1736 μετ’
679 1680 729 1736 ἐμοῦ
744 1680 791 1723 ἐστε.
813 1677 846 1723 Ἐκ

128 1750 168 1808 γάρ
186 1755 223 1795 τοῦ
243 1757 332 1795 συνεῖναι
351 1750 436 1795 πάντοτε
455 1749 570 1803 ἀξιόπιστον
588 1749 665 1807 άνάγκη
679 1749 716 1808 τήν
733 1752 845 1810 μαρτυρίαν

129 1820 263 1874 καθεστάναι,
285 1819 342 1880 ῦμοῖν
357 1821 393 1880 μέν
408 1821 562 1880 φθεγγομένων,
584 1826 621 1867 τοῦ
636 1821 657 1867 δέ
674 1820 788 1881 πνεύματος
804 1823 846 1867 ἐπι-

104 1908 123 1935 εε
130 1897 280 1953 μαρτυροῦντος
294 1901 335 1945 τοῖς
345 1894 458 1952 λεγομένοις
468 1894 502 1939 διά
511 1899 551 1939 των
561 1895 718 1951 ἐπιτελουμένων
727 1893 845 1952 θαυμάτων.

171 1967 230 2016 XVI,
247 1969 264 2009 8.
294 1966 352 2010 Οὕτω
372 1964 449 2022 φοβερά
468 1969 498 2017 τίς
515 1967 555 2010 ἐστί
570 1977 619 2023 φησι
633 1970 670 2010 τοῦ
685 1964 744 2023 άγίον
758 1965 845 2023 πνεῦμα-

130 2054 163 2089 τος
181 2034 193 2093 ή
212 2035 310 2091 κάθοδος,
333 2035 360 2088 οῖς
375 2037 541 2095 ἐπιφοιτήσαντος
558 2044 601 2089 τοῖς
621 2035 738 2095 άνθροῖποις
757 2042 847 2096 φανήναι

129 2111 169 2154 τοῖν
184 2106 379 2166 ἐπιβεβουλευκότων
394 2109 438 2166 ἐμοί
451 2108 487 2165 τήν
502 2107 606 2165 άμαρτῖαν.

171 2181 232 2235 XVI,
249 2184 280 2223 βό.
309 2177 409 2237 >Ανωτέρω
424 2180 487 2237 λέγει·
501 2179 555 2241 κήγά
571 2179 663 2240 ἐρωτήσω
677 2181 712 2226 τόν
726 2181 802 2240 πατέρα
815 2183 849 2227 καὶ

105 2252 192 2296 εαάλλον
202 2250 331 2309 παράκλητον
345 2250 404 2295 δάσεα
417 2250 475 2309 ὑμῖν,
491 2252 581 2297 ἐνταῦθα
595 2253 625 2297 δέ·
640 2255 674 2298 καί
689 2252 713 2299 οό
728 2254 778 2312 λέγω
792 2252 847 2312 ῦμῖν,

131 2323 161 2367 ὅτι
176 2323 214 2379 ἐγώ
230 2322 323 2379 ἐρωτήσω
336 2322 372 2367 τδν
387 2324 462 2381 πατέρα
476 2326 520 2382 περί
534 2323 602 2380 όμῦν,
618 2327 673 2369 δοκεῖ
687 2325 708 2369 δέ
717 2330 781 2370 ταῦτα
791 2327 847 2370 ἐναν-

131 2395 163 2438 τία
177 2393 234 2439 εἶναι.
260 2392 316 2437 ,Ἀλλ’
332 2394 372 2438 ἐκεῖ
391 2394 427 2451 μέν
444 2396 489 2452 περί
506 2398 541 2453 τής
559 2393 635 2440 άνόδου
653 2400 688 2452 τῆς
706 2399 733 2448 είς
748 2396 850 2454 οόρανοῦς

132 2464 239 2522 διελέγετο,
261 2464 307 2521 μεθ’
327 2464 351 2521 ήν
371 2464 435 2522 ήτοῦ
448 2465 562 2524 πνεόματος
577 2467 652 2523 ἐγίνετο
666 2465 767 2523 κάθοδος,
789 2473 849 2513 τοῦτο

132 2535 154 2580 δέ
168 2540 192 2596 τῇ
208 2538 312 2596 οίκονομίμ
326 2536 433 2594 ήρμοττεν·
456 2539 545 2584 ἐνταῦθα
560 2538 582 2584 δέ
595 2538 633 2596 τήν
646 2541 681 2596 τῆς
695 2537 791 2597 θεότητός
810 2557 850 2597 μου

105 2606 190 2661 ιεοῖξίον
204 2608 307 2664 γνώσεσθέ
322 2621 371 2665 φησι
385 2613 454 2667 σαφεῖς
469 2612 501 2655 καί
515 2610 538 2655 τὸ
554 2610 592 2655 οῦκ
606 2609 683 2667 ἐρωτάυ
704 2608 849 2670 ἀποφαίνεται,

132 2678 212 2732 δεικνῦς
227 2679 257 2724 ότι
272 2678 296 2724 οῦ
310 2679 378 2739 χρήσει
392 2686 428 2727 τοῦ
443 2686 505 2729 αῖτεῖν
519 2682 569 2740 ὑπὲρ
585 2681 652 2728 αῦτῦν
667 2683 747 2730 διδόναι
761 2686 794 2730 καί
815 2683 851 2729 αό-

179 2794 192 2818 τ,
206 2785 274 2819 eomer.
287 2789 339 2819 caten.
352 2796 367 2829 ρ,
380 2787 417 2822 381.
446 2796 471 2823 τι.
484 2788 534 2824 Gord.
547 2791 579 2822 nat.
591 2799 606 2831 p.
619 2788 655 2824 388.
684 2798 710 2825 τε.
722 2791 775 2824 Heln.
790 2793 809 2831 1,
824 2791 851 2826 λλ,

132 2854 157 2880 τι,
171 2847 219 2882 βοτά
233 2849 264 2880 τοι
278 2856 292 2887 ρ,
306 2846 343 2881 392.
368 2855 393 2881 τε.
406 2848 454 2883 Gord.
468 2852 500 2882 οολ.
512 2860 528 2891 ρ.
540 2849 578 2883 λθλ.
