1773 3073
289 482 454 538 THEODORI
471 481 693 540 MOPSVESTENI

480 626 498 652 lN

142 731 278 773 EPISTOLANI
289 732 460 772 POSTERIOREM
471 732 540 771 PAULI
551 732 584 770 AD
597 729 837 771 THESSALONICENSES

324 828 492 869 COMMENTARII
504 829 658 868 FRAGMENTA.

152 1158 154 1160 .
173 1122 200 1171 ΙΙ,
215 1123 242 1163 A
259 1117 304 1162 Ὅτι
317 1119 362 1176 περὶ
376 1121 410 1175 τῆς
426 1121 515 1174 Χριστοῦ
529 1119 641 1176 παρουσίας
655 1119 688 1162 καὶ
702 1120 736 1175 τῆς
749 1115 806 1175 ήμῶν
821 1117 850 1163 ἐπ’

133 1260 211 1307 ἀπατᾶν
224 1259 288 1318 ὑμῆς,
311 1259 338 1313 τός
357 1260 383 1306 ἀν
401 1259 487 1318 έμμάθεν
502 1259 603 1319 παρόντος
618 1261 695 1305 ἐκείνου
712 1265 749 1305 τοῦ
766 1266 849 1319 καιροῦ,

133 1332 174 1379 ἀλλ’
189 1336 226 1379 ελτε
241 1330 267 1386 ἀς
282 1330 322 1378 ἀπδ
332 1336 467 1391 πνευματικῆς
478 1333 576 1393 ἐνεργείας
585 1332 650 1390 λέγειν
659 1350 689 1386 τις
702 1332 850 1391 ἐπαγγέλλεται,

119 1409 171 1451 εεέτε
190 1404 217 1459 ἀς
235 1404 275 1450 ἀπό
294 1404 357 1464 λόγου
375 1404 389 1464 ῆ
406 1406 510 1464 ἐπιστολῆς
527 1404 623 1465 ῆμετέρας
640 1410 700 1451 τοῦτο
721 1405 804 1463 μαθάν,
824 1405 851 1465 μῆ

133 1481 230 1524 πείσεσθε.
262 1496 264 1501 ’

175 1555 202 1607 Π,
218 1556 236 1597 3.
252 1556 271 1596 λ.
300 1550 342 1596 Διά
360 1549 434 1596 τοῦτου
454 1553 555 1596 δείκνυσιν
575 1550 605 1595 ὅτι
621 1550 659 1608 τήν
678 1553 851 1609 εἰδωλολατρεέαν,

133 1623 160 1679 ῆν
174 1621 185 1666 ὁ
201 1621 295 1680 διάβολος
306 1622 449 1680 συνεστήσατο,
466 1621 527 1672 αῦτδς
538 1620 604 1665 έλθιδν
614 1620 728 1678 ἀνατρέπει,
743 1624 776 1666 καὶ
786 1627 853 1667 πάσαν

134 1696 221 1749 αἵρεσιν,
242 1692 269 1750 ῆν
289 1692 386 1751 ἀντέθηκε
406 1696 433 1754 τῆ
452 1693 505 1754 λόγῳ
523 1695 560 1751 τῆς
580 1691 684 1750 ἀληθείας,
706 1691 767 1745 αῦτδς
787 1692 853 1738 έλθάν

109 1764 241 1824 τοπαραλῦει,
258 1768 292 1810 ἵνα
305 1767 338 1810 καὶ
353 1766 375 1810 έν
388 1765 453 1826 τούτῳ
467 1765 490 1810 τδ
505 1767 566 1824 κρίμα
581 1765 652 1821 έχωσιν
662 1767 683 1809 οἱ
692 1765 807 1820 ἀνθρωποι,
823 1764 854 1810 ὅτι

134 1836 159 1883 τό
175 1835 204 1897 ἐφ’
220 1834 250 1890 οἷς
265 1836 408 1897 ἐπλανήθησαν
423 1837 460 1883 οῦκ
475 1835 533 1883 αῦτολ
550 1841 655 1893 καθεῖλον,
678 1834 720 1882 ἀλλ’
741 1834 752 1882 δ
771 1840 853 1883 πλανάν

135 1909 219 1962 αάτοός
241 1908 315 1962 ταύτας
335 1910 373 1969 γὰρ
393 1910 428 1963 τδς
446 1910 524 1963 πλάνας
544 1908 594 1955 κατά
613 1909 673 1967 μέρος
691 1909 825 1969 συνεστήσατο
843 1909 854 1955 ὁ

135 1982 239 2041 διάβολος,
263 1981 353 2041 ἀφιστῶν
369 1987 406 2029 τοῦ
424 1986 475 2028 θεοῦ
492 1984 525 2028 καὶ
543 1980 607 2041 ῆρέμα
623 1980 660 2041 τῆν
675 1982 749 2027 ἑαυτοῦ
766 1981 855 2041 προσκή-

134 2068 194 2114 νησιυ
209 2053 342 2113 ἀντεισάηων,
357 2055 382 2101 ἵν’
399 2055 447 2101 ὅταν
462 2056 510 2113 μετὰ
525 2058 588 2101 ταῦτα
603 2055 652 2114 έλθη
667 2055 854 2112 προητοιμασμένα,

110 2127 225 2187 ιεεῦρηκάς
244 2128 277 2172 καὶ
294 2127 458 2184 πεπλανημένους
472 2127 521 2179 τοῦς
535 2125 658 2185 ἀνθρώπους
672 2128 705 2172 καὶ
720 2125 776 2179 ἐκτός
795 2127 856 2179 ὄντας

135 2204 172 2245 τοῦ
190 2202 242 2245 θεοῦ
261 2202 296 2257 τῆς
315 2200 419 2257 βοηθείας,
441 2197 526 2257 εὐχεροῦς
546 2197 610 2259 ἑαυτῆ
628 2196 677 2257 δόξη
694 2203 812 2257 κατορθοῦν
832 2198 855 2244 τδ

137 2271 311 2328 σπουδαζόμενον,
333 2270 423 2315 τουτέστι
437 2270 459 2315 τδ
474 2273 642 2327 προσκυνηθῆναι
656 2269 719 2315 αῦτδν
733 2270 788 2329 παρδ
805 2270 856 2316 πάν-

136 2362 175 2390 ταν
190 2342 314 2403 ἀνθρώπων·
334 2341 361 2396 ἀς
375 2341 413 2402 μάρ
428 2340 530 2401 ἀποσκευῆ
546 2340 629 2396 ἁψῖδος,
647 2341 711 2395 οὕτως
725 2345 747 2387 αλ
761 2342 855 2400 αἱρέσεις,

138 2419 160 2461 αλ
172 2434 192 2463 τε
206 2415 251 2475 παρ’
266 2416 349 2475 Ἕλλησι
363 2417 396 2462 καὶ
410 2418 432 2461 αἱ
445 2414 500 2476 παρὰ
515 2419 557 2467 τοῖς
571 2419 701 2474 Χριστιανολς
714 2418 742 2476 τῆ
758 2415 856 2479 διαβόλῳ·

112 2489 202 2549 ειάέσκερ
220 2490 241 2535 δὲ
258 2488 332 2545 ἀψῖδας
349 2491 464 2550 σφιμμελσης
482 2490 516 2535 καὶ
533 2486 635 2548 λαβούσης
651 2487 688 2547 τήν
705 2490 780 2535 οέκελαν
798 2507 856 2536 κατα-

183 2672 251 2705 Praeter
265 2673 339 2717 quinquo
355 2675 449 2716 fragmenta
465 2675 558 2708 theodorea
575 2672 650 2705 continet
666 2676 725 2706 cotona
742 2672 775 2706 duo
792 2672 857 2706 ooholia

140 2732 228 2766 severiani
239 2742 255 2773 μ.
268 2733 305 2766 388.
317 2733 349 2767 390
361 2733 391 2776 (of.
399 2744 416 2776 p.
425 2731 465 2778 oio)
474 2738 491 2768 ot
498 2744 552 2768 unum
560 2732 634 2766 auctoris
643 2732 704 2766 inoerti
712 2743 728 2774 p.
738 2731 772 2765 384
782 2732 812 2767 lin.
825 2733 857 2772 203

140 2792 205 2834 reliquo
222 2793 277 2825 omnio
293 2802 312 2827 ox
327 2795 448 2838 chrysostomo
466 2795 553 2838 desumpta
571 2795 615 2828 sunt,
639 2800 653 2826 ι.
671 2793 688 2828 G.
706 2793 733 2827 Gr.
751 2801 766 2834 p.
783 2792 821 2827 386.
838 2790 858 2826 Θ.

141 2861 155 2888 7.
169 2850 189 2889 (δ,
214 2859 240 2886 12.
253 2852 296 2888 Coo:
308 2851 374 2895 πλάνας
386 2847 397 2889 δ
408 2852 457 2891 κατδ.
