1723 3073
225 118 246 152 IN
258 117 382 154 EPISTOLAM
393 117 421 152 AB
434 117 543 155 ROMANOS.
721 114 743 151 75

28 222 54 269 ἀν
69 221 218 281 συντονώτερον
232 221 350 281 ποιούμενοι
363 222 399 277 τάς
414 225 494 284 δεήσεις.
530 223 588 271 Οῦτω
602 223 635 269 καί
651 213 744 280 ἀνωτέρω

27 296 70 352 περὶ
85 298 120 352 της
134 297 214 347 κτίσεως
229 295 267 351 ἔφη
281 295 304 340 τό
319 295 419 350 στενάζειν
430 299 464 342 καί
477 298 521 355 περὶ
535 295 592 354 η’μῶν
607 295 638 343 ὅτι
652 292 723 347 στενάζ
735 320 744 327 -

28 383 74 425 μεν,
96 364 207 424 στεναγμόν
224 362 340 424 ἁπανταχοῦ
357 365 394 425 την
409 369 531 425 προσδοκίαν
549 368 629 412 ἐκείνων
646 363 743 421 καλέσας,

28 438 93 497 ῶσπερ
113 432 151 482 οῦν
169 437 276 483 κάνταῦθα
296 438 334 497 έιγη
347 437 370 484 τό
385 443 463 497 πνεῦμα
478 438 526 498 μετά
541 442 657 499 στεναγμῶν
675 438 743 495 ἐντυγ-

27 509 104 570 χάνειν,
120 508 147 562 ῶς
161 509 187 556 ἀν
201 510 288 568 παρέχον
302 509 350 569 ἡμῖν
365 511 435 557 ἐκεῖνα
444 513 477 556 καί
491 514 616 568 προσδοκῶν,
632 510 696 556 ἀτῶν
705 527 742 556 ποι-
762 530 770 559 τ

28 582 192 641 ρασνευαζόντων
205 582 242 643 την
258 584 344 642 ἔκβασιν.

69 656 128 709 Vffl,
145 662 177 700 λλ.
204 655 306 700 Ἐνταῦθα
320 654 414 714 βούλεται
429 657 500 709 εἰπεῖν,
520 655 550 700 ότι
564 660 626 700 ταῦτα
640 654 688 713 ἡμῖν
706 672 744 700 παι

28 725 172 784 ρασχεθήσεται
186 725 226 770 ῦπδ
241 731 278 770 τοῦ
292 726 405 783 πνεύματος
419 724 487 785 γνῶμη
498 730 558 781 θεοῦ,
574 726 595 779 δς
606 727 671 784 ἐπειδὴ
681 726 744 785 ἀβου-

28 795 81 855 ληθη
95 795 132 854 την
147 795 239 856 ἀπαρχὴν
253 794 305 854 ἡμᾶς
319 799 356 842 τοῦ
371 794 484 854 πνεῦματος
499 796 529 841 έπλ
543 801 579 842 τοῦ
593 795 693 856 παρόντος
709 815 744 843 κο-

28 871 125 926 μίσασθαι
139 871 194 926 βίον,
210 868 322 925 ἀναγκαίως
336 868 416 926 παρέξει
430 867 523 921 κάκεῖνα,
538 863 566 913 ῶν
581 868 609 914 ἐπ’
624 869 687 914 ἐλπίδι
695 869 770 914 ταῦ-1ο

28 959 64 998 την
82 940 225 999 έκομισάμεθα,
252 939 305 986 Ἐπεί
324 941 346 987 δέ
365 939 492 999 ἐσχημάτισεν
510 938 537 992 ῶς
557 941 588 986 έπλ
602 939 660 1000 εῦχῆς
673 941 696 987 τό
711 942 744 987 διά

28 1017 63 1072 τῆς
78 1014 168 1058 ἐνταῦθα
183 1013 273 1071 ἀπαρχης
288 1017 325 1059 τοῦ
339 1011 452 1071 πνεύματος
467 1012 580 1070 ἀναγκαίως
594 1011 646 1072 ἡμᾶς
659 1017 744 1072 προσδο-

28 1091 67 1131 κάν
81 1088 114 1131 καί
128 1086 152 1131 τά
167 1087 273 1144 μέλλοντα,
289 1085 402 1144 ἀναγκαίως
416 1085 523 1144 ἐπήγαγεν,
538 1086 569 1131 ότι
583 1089 615 1132 καὶ
630 1085 641 1132 ό
656 1087 704 1139 θεός
718 1090 745 1138 εί-

29 1158 68 1211 δῶς
87 1157 110 1203 τό
131 1157 222 1216 βούλημα
240 1162 278 1202 τοῦ
294 1157 408 1216 πνεύματος
426 1160 459 1202 καί
475 1158 506 1203 ότι
519 1157 570 1203 κατά
584 1157 666 1216 γνώμην
681 1158 744 1203 αὐτοῦ

29 1230 64 1282 τάς
84 1229 171 1287 αἰτησεις
190 1236 285 1280 ποιεῖται,
309 1228 394 1274 έπινεῦει
414 1234 439 1288 τῇ
456 1235 561 1288 προσευχῇ.
590 1234 663 1281 Καλῶς
677 1231 698 1274 δέ
712 1232 771 1274 καλισ

29 1301 51 1346 τό
66 1300 116 1359 ῦπὲρ
135 1299 206 1358 ἀγίων,
228 1303 261 1344 ίνα
280 1303 324 1359 ε’ίπη
343 1304 384 1344 τῶν
401 1300 452 1358 πρός
470 1305 530 1345 τοῦτο
549 1300 695 1358 ἀφωρισμένων
712 1302 745 1346 καὶ

29 1371 176 1432 μετεσχηκότων
191 1371 229 1432 ἤδη
243 1376 280 1417 τοῦ
294 1370 412 1430 πνεύματος.
440 1370 579 1430 Έντνγχάνειν
594 1373 615 1418 δὲ
629 1372 652 1417 τό
667 1376 746 1431 πνεῦμα

29 1446 52 1491 τό
67 1447 154 1504 χάρισμα
168 1445 220 1502 λέγει
233 1444 256 1489 τό
272 1445 303 1489 ἐπὶ
317 1449 354 1489 τοῦ
368 1442 469 1501 παρόντος
483 1442 531 1502 ἡμῖν
546 1442 653 1503 δεδομένον
664 1447 719 1503 βίον,
735 1444 747 1490 δ

30 1521 62 1564 καί
77 1517 169 1578 ἀπαρχὴν
183 1522 219 1563 τοῦ
234 1515 359 1575 πνεῦματος,
375 1515 399 1561 υά
414 1520 449 1575 της
462 1514 592 1570 ἀποστάσεως
607 1516 670 1562 αὐτοῦ
684 1522 746 1574 καλεῖ,

30 1591 80 1637 ἀλλά
95 1595 130 1649 τῆς
144 1589 188 1635 τότε
202 1589 250 1649 ἡγοῖο
266 1592 293 1642 είς
307 1593 394 1648 παντελῆ
408 1590 515 1647 μετουσίαν
530 1593 570 1635 τῶν
585 1588 669 1647 ἀγαθῶν
686 1601 774 1647 προσ-νο

29 1662 143 1721 δοκωμένης
160 1661 286 1721 δοθήσεσθαι
305 1660 395 1721 χάριτος·
416 1660 446 1707 ότι
467 1660 535 1720 μέντοι
553 1660 641 1720 σύνηθες
659 1665 684 1720 τῇ
701 1663 748 1723 θείηι

29 1738 98 1795 γραφῇ
114 1737 238 1792 σχηματίζειν
252 1733 299 1779 τάδε
309 1733 349 1779 ἀπὸ
360 1738 400 1779 τῶν
414 1733 469 1793 παρά
483 1738 511 1795 τῶ
519 1737 609 1795 μακαρίῳ
620 1736 687 1792 Λαβὶδ
701 1746 748 1779 σνν-

30 1811 77 1865 εχῶς
101 1805 125 1850 τά
149 1810 232 1850 τοιαῦτα
251 1805 315 1862 λέγειν
335 1804 424 1857 εἰωθότι,
446 1805 526 1863 γνόφου
549 1806 620 1863 έχοντα
639 1803 680 1850 ἀπὸ
700 1805 749 1860 τοῦς

29 1878 103 1933 πόδας,
118 1879 151 1922 κοιλ
165 1877 202 1922 ὅσα
212 1874 254 1920 κατ’
265 1877 328 1921 έκεῖνο
343 1875 365 1921 τό
380 1877 440 1934 μέρος
454 1878 523 1935 φησίν,
540 1876 587 1922 οῦδὲ
601 1876 640 1935 γάρ
650 1882 687 1923 τοῦ
699 1894 750 1938 τιαρ-

30 1949 88 2003 όντος
102 1948 181 1994 ἀπάντα
196 1949 259 2006 λέγειν
274 1948 314 1992 ἐστὶ
329 1952 410 2006 καιροῦ·
431 1950 453 1993 ἐν
472 1949 494 1994 δέ
508 1953 535 2011 τῶ
556 1948 583 2008 κγ’
604 1948 656 2008 πρός
674 1967 695 1995 τε
714 1950 776 2004 τάςντ

31 2022 95 2075 πόλος
110 2020 181 2081 φωνην
196 2022 315 2080 σχηματίζει,
336 2018 363 2072 ῶς
381 2018 406 2065 ἀν
425 2019 545 2080 ἀνοιχθῆναι
566 2020 697 2081 ὀφειλούσας,
716 2024 750 2068 καὶ

30 2094 74 2153 παρ’
90 2093 157 2139 αὐτῶν
177 2093 291 2149 ἀπόκρισιν·
313 2092 390 2138 τοῦτον
410 2093 449 2151 γάρ
469 2092 529 2138 οὐδὲν
551 2095 596 2151 μέν,
618 2093 645 2147 ῶς
664 2099 748 2153 ε’ίρηται,

30 2173 123 2211 νοεῖσθαι
137 2164 232 2219 δύναται,
256 2165 313 2222 ἕτερα
328 2165 349 2210 δέ
363 2163 408 2209 τινά
423 2166 464 2209 ἐστι
477 2164 502 2209 τά
516 2164 549 2210 ἀπ’
568 2165 635 2211 αὐτῶν
653 2165 749 2223 ἐμφαινό-

31 2254 90 2295 μενα·
112 2236 149 2295 έγῶ
169 2237 237 2294 μέντοι
254 2236 334 2281 τέθεικα
353 2238 469 2292 καὶτοῦτο,
492 2237 542 2281 ῶστε
556 2238 632 2295 μηδένα
645 2237 717 2283 καινόν
730 2255 750 2283 τι

30 2313 118 2368 νομίζειν
132 2309 226 2366 λέγεσθαι
240 2307 285 2366 παρ’
295 2307 353 2366 ἡμῶν
367 2308 390 2353 τό
404 2308 455 2354 κατά
469 2309 606 2367 σχηματισμόν
619 2312 710 2367 εἰρῆσθαι
720 2314 749 2372 τῷ
757 2328 776 2355 σο

31 2380 135 2443 ἀποστόλῳ
151 2381 176 2427 τά
190 2384 316 2440 προκείμενα.

72 2457 128 2510 VIII,
144 2459 177 2499 28.
207 2452 237 2498 Οά
253 2456 284 2499 δελ
297 2452 420 2511 θαυμάζειν,
435 2454 507 2514 (μησὶν,
528 2455 545 2498 εί
558 2458 641 2499 τοιαῦτα
655 2453 692 2513 μὲν
706 2453 750 2502 τότε

31 2531 174 2586 προσδοκῶμεν
187 2525 236 2585 ἡμῖν
252 2526 320 2585 ἀγαθά
334 2526 473 2584 περιέσεσθαι,
495 2525 516 2570 έν
531 2524 647 2583 ἀνηκέστοις
661 2527 683 2572 δέ
698 2528 751 2586 ἀγαν

32 2607 100 2654 κακοῖς
113 2598 164 2645 κατά
178 2598 201 2644 τό
216 2598 283 2657 παρόν
298 2597 442 2657 εὑρισκόμεθα,
464 2597 518 2644 τάνυ
537 2616 559 2656 γε
578 2598 655 2652 εἰδότας
673 2598 700 2654 ῶς
717 2602 751 2648 διά

76 2719 90 2746 σ.
102 2713 149 2744 Duae
161 2712 239 2752 notulae,
252 2722 294 2755 quae
306 2713 339 2745 iam
352 2701 444 2754 sequuntur
456 2712 473 2744 in
486 2715 517 2744 cat.
527 2712 582 2745 (Iram.
595 2712 695 2747 Oecumenii
707 2718 752 2756 sunt,

34 2780 47 2803 v.
61 2776 93 2805 σοι.
106 2782 156 2813 supra
168 2772 178 2804 l.
191 2782 206 2813 p.
220 2773 258 2805 314.
275 2776 291 2805 ελ
303 2776 334 2805 σοι.
347 2772 402 2806 Cram.
415 2771 459 2803 infra
471 2782 487 2813 p.
499 2772 537 2804 260.
567 2780 581 2804 7.
594 2771 647 2814 δρία,
667 2784 681 2806 c.
697 2775 751 2807 [δεεστ.

33 2831 98 2871 μαι.
123 2823 388 2866 ιαιλιιιαπτοιιυ.
412 2830 546 2874 ιι.εε,ιε,ο.
571 2827 752 2877 παρεσπαρμ-

34 2888 54 2924 ib.
67 2891 93 2924 Ps.
105 2890 136 2933 λλ,
149 2889 159 2923 7
171 2900 193 2923 ss.
218 2896 244 2923 ιε.
257 2890 312 2924 Libri:
325 2887 434 2935 σχηματίζειν.
459 2897 484 2924 οι,
497 2890 549 2934 δρία,
562 2900 576 2925 ο.
589 2891 644 2925 Gram.
657 2903 672 2935 p.
685 2892 724 2927 148.
