<?xml version="1.0" encoding="UTF-8"?>
<!DOCTYPE html PUBLIC "-//W3C//DTD XHTML 1.0 Transitional//EN"
    "http://www.w3.org/TR/xhtml1/DTD/xhtml1-transitional.dtd">
<html xmlns="http://www.w3.org/1999/xhtml" xml:lang="en" lang="en">
 <head>
  <title>
</title>
<meta http-equiv="Content-Type" content="text/html;charset=utf-8" />
  <meta name='ocr-system' content='tesseract 3.04.00' />
  <meta name='ocr-capabilities' content='ocr_page ocr_carea ocr_par ocr_line ocrx_word'/>
</head>
<body>
  <div class='ocr_page' id='page_1' title='image "MN40295ucmf_0_0094.png"; bbox 0 0 1773 3073; ppageno 0'>
   <div class='ocr_carea' id='block_1_1' title="bbox 139 60 636 97">
    <p class='ocr_par' dir='ltr' id='par_1_1' title="bbox 139 60 636 97">
     <span class='ocr_line' id='line_1_1' title="bbox 139 60 636 97; baseline -0.01 0"><span class='ocrx_word' id='word_1_1' title='bbox 139 62 161 97; x_wconf 78' lang='lat'><em>50</em></span> <span class='ocrx_word' id='word_1_2' title='bbox 362 60 473 94; x_wconf 76' lang='lat' dir='ltr'>rarecort</span> <span class='ocrx_word' id='word_1_3' title='bbox 486 60 636 96; x_wconf 80' lang='lat' dir='ltr'>MOPSVESTENI</span> 
     </span>
    </p>
   </div>
   <div class='ocr_carea' id='block_1_2' title="bbox 108 164 855 2027">
    <p class='ocr_par' dir='ltr' id='par_1_2' title="bbox 108 164 855 2027">
     <span class='ocr_line' id='line_1_2' title="bbox 181 164 854 226; baseline -0.006 -13"><span class='ocrx_word' id='word_1_4' title='bbox 181 172 216 223; x_wconf 86' lang='grc' dir='ltr'><em>ΙΙΙ,</em></span> <span class='ocrx_word' id='word_1_5' title='bbox 232 173 250 213; x_wconf 82' lang='grc'><em>9,</em></span> <span class='ocrx_word' id='word_1_6' title='bbox 274 167 317 210; x_wconf 81' lang='grc' dir='ltr'><em>Ἵνα</em></span> <span class='ocrx_word' id='word_1_7' title='bbox 331 168 389 224; x_wconf 87' lang='grc' dir='ltr'><em>είπη·</em></span> <span class='ocrx_word' id='word_1_8' title='bbox 413 165 447 222; x_wconf 84' lang='grc' dir='ltr'><em>ἀγε</em></span> <span class='ocrx_word' id='word_1_9' title='bbox 467 169 536 212; x_wconf 84' lang='grc' dir='ltr'><em>τοίνυν</em></span> <span class='ocrx_word' id='word_1_10' title='bbox 554 167 602 226; x_wconf 81' lang='grc' dir='ltr'><em>μετὰ</em></span> <span class='ocrx_word' id='word_1_11' title='bbox 620 166 656 212; x_wconf 86' lang='grc' dir='ltr'><em>τὸν</em></span> <span class='ocrx_word' id='word_1_12' title='bbox 675 168 755 212; x_wconf 80' lang='grc' dir='ltr'><em>ἐπείνων</em></span> <span class='ocrx_word' id='word_1_13' title='bbox 775 164 854 222; x_wconf 72' lang='grc' dir='ltr'><em>ἔλεγχον</em></span> 
     </span>
     <span class='ocr_line' id='line_1_3' title="bbox 140 236 673 297; baseline 0 -14"><span class='ocrx_word' id='word_1_14' title='bbox 140 238 290 297; x_wconf 75' lang='grc' dir='ltr'><em>τῶνὴμετὲρανν</em></span> <span class='ocrx_word' id='word_1_15' title='bbox 304 236 326 281; x_wconf 84' lang='grc' dir='ltr'><em>τό</em></span> <span class='ocrx_word' id='word_1_16' title='bbox 341 236 536 297; x_wconf 27' lang='grc' dir='ltr'><em>με’γεδοςὶδείξομεν,</em></span> <span class='ocrx_word' id='word_1_17' title='bbox 562 279 563 282; x_wconf 73' lang='grc'><em>,</em></span> <span class='ocrx_word' id='word_1_18' title='bbox 670 283 673 287; x_wconf 18' lang='lat' dir='ltr'>i</span> 
     </span>
     <span class='ocr_line' id='line_1_4' title="bbox 179 308 852 371; baseline -0.006 -15"><span class='ocrx_word' id='word_1_19' title='bbox 179 311 215 361; x_wconf 86' lang='grc' dir='ltr'>ΙΙΙ,</span> <span class='ocrx_word' id='word_1_20' title='bbox 234 313 263 353; x_wconf 76' lang='lat' dir='ltr'>te.</span> <span class='ocrx_word' id='word_1_21' title='bbox 296 312 325 368; x_wconf 78' lang='grc' dir='ltr'><em>Τῇ</em></span> <span class='ocrx_word' id='word_1_22' title='bbox 339 311 439 371; x_wconf 76' lang='grc' dir='ltr'><em>μαρτυρίᾳ</em></span> <span class='ocrx_word' id='word_1_23' title='bbox 455 308 492 368; x_wconf 81' lang='grc' dir='ltr'><em>οὐχ</em></span> <span class='ocrx_word' id='word_1_24' title='bbox 507 308 533 364; x_wconf 84' lang='grc' dir='ltr'><em>ἀς</em></span> <span class='ocrx_word' id='word_1_25' title='bbox 547 315 675 370; x_wconf 73' lang='grc' dir='ltr'><em>προφητικῶς</em></span> <span class='ocrx_word' id='word_1_26' title='bbox 690 308 852 369; x_wconf 75' lang='grc' dir='ltr'><em>είρημίνηίγρη-</em></span> 
     </span>
     <span class='ocr_line' id='line_1_5' title="bbox 138 378 855 445; baseline -0.006 -17"><span class='ocrx_word' id='word_1_27' title='bbox 138 396 195 437; x_wconf 89' lang='grc' dir='ltr'><em>σατο,</em></span> <span class='ocrx_word' id='word_1_28' title='bbox 211 378 251 426; x_wconf 84' lang='grc' dir='ltr'><em>ἀλλ’</em></span> <span class='ocrx_word' id='word_1_29' title='bbox 268 378 294 433; x_wconf 82' lang='grc' dir='ltr'><em>ἀς</em></span> <span class='ocrx_word' id='word_1_30' title='bbox 309 379 424 442; x_wconf 76' lang='grc' dir='ltr'><em>ἀρμοζοάση</em></span> <span class='ocrx_word' id='word_1_31' title='bbox 439 388 481 435; x_wconf 87' lang='grc' dir='ltr'><em>τοῖς</em></span> <span class='ocrx_word' id='word_1_32' title='bbox 492 380 665 442; x_wconf 74' lang='grc' dir='ltr'><em>ἀποδεδειγμένοις</em></span> <span class='ocrx_word' id='word_1_33' title='bbox 674 385 701 445; x_wconf 79' lang='grc' dir='ltr'><em>τῷ</em></span> <span class='ocrx_word' id='word_1_34' title='bbox 711 385 855 440; x_wconf 78' lang='grc' dir='ltr'><em>περιληπτιαῶς</em></span> 
     </span>
     <span class='ocr_line' id='line_1_6' title="bbox 108 449 854 513; baseline 0.001 -19"><span class='ocrx_word' id='word_1_35' title='bbox 108 458 179 509; x_wconf 43' lang='grc' dir='ltr'><em>λτπερί</em></span> <span class='ocrx_word' id='word_1_36' title='bbox 194 454 315 497; x_wconf 75' lang='grc' dir='ltr'><em>ἐπταικότων</em></span> <span class='ocrx_word' id='word_1_37' title='bbox 329 454 393 510; x_wconf 82' lang='grc' dir='ltr'><em>λέγειν</em></span> <span class='ocrx_word' id='word_1_38' title='bbox 408 454 459 499; x_wconf 78' lang='grc' dir='ltr'><em>αὐτόν</em></span> <span class='ocrx_word' id='word_1_39' title='bbox 474 455 510 499; x_wconf 85' lang='grc' dir='ltr'><em>τόν</em></span> <span class='ocrx_word' id='word_1_40' title='bbox 524 458 601 513; x_wconf 83' lang='grc' dir='ltr'><em>Λαβίδ·</em></span> <span class='ocrx_word' id='word_1_41' title='bbox 618 455 683 513; x_wconf 74' lang='grc' dir='ltr'><em>ὥσπερ</em></span> <span class='ocrx_word' id='word_1_42' title='bbox 699 449 736 497; x_wconf 70' lang='lat' dir='ltr'>orio</span> <span class='ocrx_word' id='word_1_43' title='bbox 751 455 784 496; x_wconf 86' lang='grc' dir='ltr'><em>ναὶ</em></span> <span class='ocrx_word' id='word_1_44' title='bbox 799 452 854 510; x_wconf 78' lang='grc' dir='ltr'><em>ἡμεῖς</em></span> 
     </span>
     <span class='ocr_line' id='line_1_7' title="bbox 136 525 855 585; baseline -0.003 -15"><span class='ocrx_word' id='word_1_45' title='bbox 136 526 180 584; x_wconf 83' lang='grc' dir='ltr'><em>ἀχρι</em></span> <span class='ocrx_word' id='word_1_46' title='bbox 198 528 233 582; x_wconf 81' lang='grc' dir='ltr'><em>της</em></span> <span class='ocrx_word' id='word_1_47' title='bbox 252 526 312 585; x_wconf 79' lang='grc' dir='ltr'><em>δεῦρο</em></span> <span class='ocrx_word' id='word_1_48' title='bbox 333 525 354 569; x_wconf 77' lang='grc' dir='ltr'><em>ἐν</em></span> <span class='ocrx_word' id='word_1_49' title='bbox 374 533 417 578; x_wconf 84' lang='grc' dir='ltr'><em>ναῖς</em></span> <span class='ocrx_word' id='word_1_50' title='bbox 435 527 605 584; x_wconf 75' lang='grc' dir='ltr'><em>ἐκκλησιαστικαῖς</em></span> <span class='ocrx_word' id='word_1_51' title='bbox 622 526 718 580; x_wconf 77' lang='grc' dir='ltr'><em>διαλέξεσι</em></span> <span class='ocrx_word' id='word_1_52' title='bbox 737 526 855 583; x_wconf 85' lang='grc' dir='ltr'><em>μαρτυρίαις</em></span> 
     </span>
     <span class='ocr_line' id='line_1_8' title="bbox 136 594 855 656; baseline 0 -15"><span class='ocrx_word' id='word_1_53' title='bbox 136 594 296 654; x_wconf 79' lang='grc' dir='ltr'><em>σνγαεγρήμεδα,</em></span> <span class='ocrx_word' id='word_1_54' title='bbox 317 595 344 649; x_wconf 80' lang='grc' dir='ltr'><em>ἀς</em></span> <span class='ocrx_word' id='word_1_55' title='bbox 365 596 390 641; x_wconf 84' lang='grc' dir='ltr'><em>ἀν</em></span> <span class='ocrx_word' id='word_1_56' title='bbox 408 598 501 656; x_wconf 75' lang='grc' dir='ltr'><em>ἁρμόζειν</em></span> <span class='ocrx_word' id='word_1_57' title='bbox 519 598 639 654; x_wconf 74' lang='grc' dir='ltr'><em>δυναμέναις</em></span> <span class='ocrx_word' id='word_1_58' title='bbox 657 596 697 642; x_wconf 86' lang='grc' dir='ltr'><em>ἀπὸ</em></span> <span class='ocrx_word' id='word_1_59' title='bbox 711 601 746 654; x_wconf 77' lang='grc' dir='ltr'><em>τῆς</em></span> <span class='ocrx_word' id='word_1_60' title='bbox 766 598 855 649; x_wconf 76' lang='grc' dir='ltr'><em>διανοίας</em></span> 
     </span>
     <span class='ocr_line' id='line_1_9' title="bbox 134 667 854 729; baseline -0.003 -14"><span class='ocrx_word' id='word_1_61' title='bbox 134 675 176 722; x_wconf 78' lang='grc' dir='ltr'><em>τοῖς</em></span> <span class='ocrx_word' id='word_1_62' title='bbox 192 667 238 726; x_wconf 81' lang='grc' dir='ltr'><em>παρ’</em></span> <span class='ocrx_word' id='word_1_63' title='bbox 257 668 314 727; x_wconf 77' lang='grc' dir='ltr'><em>ἡμῶν</em></span> <span class='ocrx_word' id='word_1_64' title='bbox 333 671 453 728; x_wconf 80' lang='grc' dir='ltr'><em>λεγομένοις.</em></span> <span class='ocrx_word' id='word_1_65' title='bbox 481 668 506 715; x_wconf 83' lang='grc' dir='ltr'><em>Ὃ</em></span> <span class='ocrx_word' id='word_1_66' title='bbox 524 670 563 729; x_wconf 79' lang='lat' dir='ltr'>peip</span> <span class='ocrx_word' id='word_1_67' title='bbox 582 668 661 728; x_wconf 81' lang='grc' dir='ltr'><em>ψαλμὸς</em></span> <span class='ocrx_word' id='word_1_68' title='bbox 679 670 753 721; x_wconf 82' lang='grc' dir='ltr'><em>ίαείνος</em></span> <span class='ocrx_word' id='word_1_69' title='bbox 771 667 796 714; x_wconf 83' lang='grc' dir='ltr'><em>οὐ</em></span> <span class='ocrx_word' id='word_1_70' title='bbox 810 670 854 725; x_wconf 82' lang='grc' dir='ltr'><em>περί</em></span> 
     </span>
     <span class='ocr_line' id='line_1_10' title="bbox 134 735 854 804; baseline -0.001 -18"><span class='ocrx_word' id='word_1_71' title='bbox 134 741 215 786; x_wconf 85' lang='grc' dir='ltr'><em>πάντιον</em></span> <span class='ocrx_word' id='word_1_72' title='bbox 231 740 348 800; x_wconf 70' lang='grc' dir='ltr'><em>ἀνθρώπων</em></span> <span class='ocrx_word' id='word_1_73' title='bbox 363 746 439 801; x_wconf 83' lang='grc' dir='ltr'><em>είρηται</em></span> <span class='ocrx_word' id='word_1_74' title='bbox 448 748 476 804; x_wconf 72' lang='grc' dir='ltr'><em>τῷ</em></span> <span class='ocrx_word' id='word_1_75' title='bbox 487 746 565 802; x_wconf 82' lang='grc' dir='ltr'><em>Δαβίδ·</em></span> <span class='ocrx_word' id='word_1_76' title='bbox 581 744 614 787; x_wconf 83' lang='grc' dir='ltr'><em>ναί</em></span> <span class='ocrx_word' id='word_1_77' title='bbox 629 745 690 800; x_wconf 77' lang='grc' dir='ltr'><em>δῆλον</em></span> <span class='ocrx_word' id='word_1_78' title='bbox 706 742 725 795; x_wconf 78' lang='grc' dir='ltr'><em>ἐξ</em></span> <span class='ocrx_word' id='word_1_79' title='bbox 740 735 768 786; x_wconf 75' lang='grc' dir='ltr'><em>ἀν</em></span> <span class='ocrx_word' id='word_1_80' title='bbox 783 742 854 799; x_wconf 78' lang='grc' dir='ltr'><em>φησιν’</em></span> 
     </span>
     <span class='ocr_line' id='line_1_11' title="bbox 109 811 855 874; baseline -0.004 -13"><span class='ocrx_word' id='word_1_81' title='bbox 109 812 179 872; x_wconf 81' lang='grc' dir='ltr'><em>ινοάηί</em></span> <span class='ocrx_word' id='word_1_82' title='bbox 196 811 309 870; x_wconf 74' lang='grc' dir='ltr'><em>γνώσονται</em></span> <span class='ocrx_word' id='word_1_83' title='bbox 329 813 401 868; x_wconf 87' lang='grc' dir='ltr'><em>πάννες</em></span> <span class='ocrx_word' id='word_1_84' title='bbox 420 819 440 860; x_wconf 82' lang='lat' dir='ltr'>oi</span> <span class='ocrx_word' id='word_1_85' title='bbox 454 815 582 874; x_wconf 78' lang='grc' dir='ltr'><em>ἐργαζόμενοι</em></span> <span class='ocrx_word' id='word_1_86' title='bbox 597 813 634 873; x_wconf 80' lang='grc' dir='ltr'><em>την</em></span> <span class='ocrx_word' id='word_1_87' title='bbox 649 814 745 873; x_wconf 88' lang='grc' dir='ltr'><em>ἀνομίαν,</em></span> <span class='ocrx_word' id='word_1_88' title='bbox 768 815 788 858; x_wconf 83' lang='lat' dir='ltr'>oi</span> <span class='ocrx_word' id='word_1_89' title='bbox 802 813 855 859; x_wconf 78' lang='grc' dir='ltr'><em>ίσδί-</em></span> 
     </span>
     <span class='ocr_line' id='line_1_12' title="bbox 135 885 853 946; baseline -0.003 -14"><span class='ocrx_word' id='word_1_90' title='bbox 135 904 191 939; x_wconf 83' lang='grc' dir='ltr'><em>οντες</em></span> <span class='ocrx_word' id='word_1_91' title='bbox 205 886 241 931; x_wconf 84' lang='grc' dir='ltr'><em>τόν</em></span> <span class='ocrx_word' id='word_1_92' title='bbox 256 887 306 932; x_wconf 90' lang='grc' dir='ltr'><em>λαόν</em></span> <span class='ocrx_word' id='word_1_93' title='bbox 321 905 361 944; x_wconf 89' lang='grc' dir='ltr'><em>μον</em></span> <span class='ocrx_word' id='word_1_94' title='bbox 376 888 398 931; x_wconf 80' lang='grc' dir='ltr'><em>ἐν</em></span> <span class='ocrx_word' id='word_1_95' title='bbox 413 887 486 946; x_wconf 79' lang='grc' dir='ltr'><em>βρώσει</em></span> <span class='ocrx_word' id='word_1_96' title='bbox 496 888 566 946; x_wconf 73' lang='grc' dir='ltr'><em>ἀρτον,</em></span> <span class='ocrx_word' id='word_1_97' title='bbox 585 890 635 931; x_wconf 89' lang='grc' dir='ltr'><em>Τίνα</em></span> <span class='ocrx_word' id='word_1_98' title='bbox 650 889 671 931; x_wconf 83' lang='grc' dir='ltr'><em>δὲ</em></span> <span class='ocrx_word' id='word_1_99' title='bbox 686 888 765 944; x_wconf 76' lang='grc' dir='ltr'><em>ἔμελλεν</em></span> <span class='ocrx_word' id='word_1_100' title='bbox 781 885 853 943; x_wconf 84' lang='grc' dir='ltr'><em>ἀνομά-</em></span> 
     </span>
     <span class='ocr_line' id='line_1_13' title="bbox 136 956 854 1020; baseline -0.001 -16"><span class='ocrx_word' id='word_1_101' title='bbox 136 965 175 1014; x_wconf 82' lang='grc' dir='ltr'><em>ζειν</em></span> <span class='ocrx_word' id='word_1_102' title='bbox 194 962 267 1003; x_wconf 77' lang='lat' dir='ltr'>einrico</span> <span class='ocrx_word' id='word_1_103' title='bbox 279 964 327 1020; x_wconf 62' lang='lat' dir='ltr'>&amp;opi</span> <span class='ocrx_word' id='word_1_104' title='bbox 347 958 417 1018; x_wconf 86' lang='grc' dir='ltr'><em>ὁπερί</em></span> <span class='ocrx_word' id='word_1_105' title='bbox 431 958 512 1004; x_wconf 78' lang='grc' dir='ltr'><em>πάντονν</em></span> <span class='ocrx_word' id='word_1_106' title='bbox 528 958 644 1017; x_wconf 64' lang='grc' dir='ltr'><em>ἀνθρώπων</em></span> <span class='ocrx_word' id='word_1_107' title='bbox 659 956 685 1011; x_wconf 75' lang='grc' dir='ltr'><em>τίς</em></span> <span class='ocrx_word' id='word_1_108' title='bbox 704 961 731 1010; x_wconf 90' lang='grc' dir='ltr'><em>είς</em></span> <span class='ocrx_word' id='word_1_109' title='bbox 748 957 771 1002; x_wconf 88' lang='grc' dir='ltr'><em>τδ</em></span> <span class='ocrx_word' id='word_1_110' title='bbox 788 965 854 1016; x_wconf 77' lang='grc' dir='ltr'><em>χείρονι</em></span> 
     </span>
     <span class='ocr_line' id='line_1_14' title="bbox 135 1029 449 1088; baseline -0.003 -12"><span class='ocrx_word' id='word_1_111' title='bbox 135 1029 268 1076; x_wconf 65' lang='lat' dir='ltr'>tertiarium</span> <span class='ocrx_word' id='word_1_112' title='bbox 283 1029 449 1088; x_wconf 80' lang='grc' dir='ltr'><em>ἀποφηνάμενος,Ι</em></span> 
     </span>
     <span class='ocr_line' id='line_1_15' title="bbox 176 1098 854 1159; baseline -0.003 -12"><span class='ocrx_word' id='word_1_113' title='bbox 176 1103 213 1153; x_wconf 85' lang='grc' dir='ltr'>ΙΙΙ,</span> <span class='ocrx_word' id='word_1_114' title='bbox 230 1107 262 1146; x_wconf 75' lang='grc' dir='ltr'><em>λλ.</em></span> <span class='ocrx_word' id='word_1_115' title='bbox 292 1100 378 1152; x_wconf 83' lang='grc' dir='ltr'><em>Πάντονς</em></span> <span class='ocrx_word' id='word_1_116' title='bbox 393 1101 453 1159; x_wconf 77' lang='grc' dir='ltr'><em>ἐρεῖτέ</em></span> <span class='ocrx_word' id='word_1_117' title='bbox 467 1116 511 1157; x_wconf 89' lang='grc' dir='ltr'><em>μοι·</em></span> <span class='ocrx_word' id='word_1_118' title='bbox 526 1104 555 1153; x_wconf 84' lang='grc' dir='ltr'><em>τίς</em></span> <span class='ocrx_word' id='word_1_119' title='bbox 570 1099 691 1155; x_wconf 65' lang='grc' dir='ltr'><em>ἐπεισελθὼν</em></span> <span class='ocrx_word' id='word_1_120' title='bbox 705 1098 768 1156; x_wconf 91' lang='grc' dir='ltr'><em>νόμος</em></span> <span class='ocrx_word' id='word_1_121' title='bbox 782 1104 854 1145; x_wconf 79' lang='grc' dir='ltr'><em>τοῦτον</em></span> 
     </span>
     <span class='ocr_line' id='line_1_16' title="bbox 109 1170 854 1234; baseline -0.001 -15"><span class='ocrx_word' id='word_1_122' title='bbox 109 1196 127 1222; x_wconf 73' lang='grc' dir='ltr'><em>ιι</em></span> <span class='ocrx_word' id='word_1_123' title='bbox 135 1174 235 1232; x_wconf 78' lang='grc' dir='ltr'><em>ίξίβαλεγ;</em></span> <span class='ocrx_word' id='word_1_124' title='bbox 251 1173 317 1231; x_wconf 76' lang='grc' dir='ltr'><em>ἐπειδὴ</em></span> <span class='ocrx_word' id='word_1_125' title='bbox 333 1172 388 1234; x_wconf 80' lang='grc' dir='ltr'><em>νόμην</em></span> <span class='ocrx_word' id='word_1_126' title='bbox 403 1173 491 1231; x_wconf 76' lang='grc' dir='ltr'><em>πέφηνεν</em></span> <span class='ocrx_word' id='word_1_127' title='bbox 502 1170 513 1217; x_wconf 90' lang='grc' dir='ltr'>ὁ</span> <span class='ocrx_word' id='word_1_128' title='bbox 523 1178 602 1230; x_wconf 75' lang='grc' dir='ltr'><em>κρατῶν</em></span> <span class='ocrx_word' id='word_1_129' title='bbox 613 1171 698 1217; x_wconf 81' lang='grc' dir='ltr'><em>λάεσδαι</em></span> <span class='ocrx_word' id='word_1_130' title='bbox 708 1170 775 1229; x_wconf 88' lang='grc' dir='ltr'><em>νόμος.</em></span> <span class='ocrx_word' id='word_1_131' title='bbox 798 1171 854 1231; x_wconf 80' lang='grc' dir='ltr'><em>Πρὸς</em></span> 
     </span>
     <span class='ocr_line' id='line_1_17' title="bbox 135 1243 853 1303; baseline -0.001 -13"><span class='ocrx_word' id='word_1_132' title='bbox 135 1246 171 1298; x_wconf 82' lang='grc' dir='ltr'><em>οίίς</em></span> <span class='ocrx_word' id='word_1_133' title='bbox 186 1257 257 1303; x_wconf 82' lang='grc' dir='ltr'><em>φησιν’</em></span> <span class='ocrx_word' id='word_1_134' title='bbox 273 1243 298 1290; x_wconf 85' lang='grc' dir='ltr'><em>οά</em></span> <span class='ocrx_word' id='word_1_135' title='bbox 312 1243 375 1301; x_wconf 83' lang='grc' dir='ltr'><em>νόμος</em></span> <span class='ocrx_word' id='word_1_136' title='bbox 390 1246 454 1302; x_wconf 79' lang='grc' dir='ltr'><em>ίργννν</em></span> <span class='ocrx_word' id='word_1_137' title='bbox 469 1243 591 1290; x_wconf 75' lang='grc' dir='ltr'><em>ἐπεισελθὼν</em></span> <span class='ocrx_word' id='word_1_138' title='bbox 604 1243 641 1289; x_wconf 89' lang='grc' dir='ltr'><em>τδν</em></span> <span class='ocrx_word' id='word_1_139' title='bbox 658 1243 756 1303; x_wconf 89' lang='grc' dir='ltr'><em>πρότερον</em></span> <span class='ocrx_word' id='word_1_140' title='bbox 776 1244 853 1299; x_wconf 80' lang='grc' dir='ltr'><em>ίλνσεν,</em></span> 
     </span>
     <span class='ocr_line' id='line_1_18' title="bbox 135 1315 854 1377; baseline -0.003 -13"><span class='ocrx_word' id='word_1_141' title='bbox 135 1318 230 1364; x_wconf 87' lang='grc' dir='ltr'><em>αάλλιστα</em></span> <span class='ocrx_word' id='word_1_142' title='bbox 247 1317 286 1377; x_wconf 73' lang='lat' dir='ltr'>pap</span> <span class='ocrx_word' id='word_1_143' title='bbox 304 1316 355 1376; x_wconf 73' lang='grc' dir='ltr'><em>εἶχεν</em></span> <span class='ocrx_word' id='word_1_144' title='bbox 375 1318 449 1369; x_wconf 75' lang='grc' dir='ltr'><em>ἐκεῖνος</em></span> <span class='ocrx_word' id='word_1_145' title='bbox 466 1315 516 1363; x_wconf 67' lang='lat' dir='ltr'>aare</span> <span class='ocrx_word' id='word_1_146' title='bbox 533 1321 638 1375; x_wconf 73' lang='lat' dir='ltr'>pecorino,</span> <span class='ocrx_word' id='word_1_147' title='bbox 658 1316 721 1375; x_wconf 88' lang='grc' dir='ltr'><em>νόμος</em></span> <span class='ocrx_word' id='word_1_148' title='bbox 736 1316 756 1362; x_wconf 80' lang='grc' dir='ltr'><em>δὲ</em></span> <span class='ocrx_word' id='word_1_149' title='bbox 771 1319 854 1370; x_wconf 83' lang='grc' dir='ltr'><em>πίστεως</em></span> 
     </span>
     <span class='ocr_line' id='line_1_19' title="bbox 135 1388 854 1449; baseline -0.003 -13"><span class='ocrx_word' id='word_1_150' title='bbox 135 1390 292 1448; x_wconf 58' lang='lat' dir='ltr'>decimaquarta</span> <span class='ocrx_word' id='word_1_151' title='bbox 306 1389 399 1445; x_wconf 82' lang='grc' dir='ltr'><em>περιττὸν</em></span> <span class='ocrx_word' id='word_1_152' title='bbox 413 1389 493 1441; x_wconf 80' lang='grc' dir='ltr'><em>εἰκότας</em></span> <span class='ocrx_word' id='word_1_153' title='bbox 509 1394 582 1434; x_wconf 78' lang='grc' dir='ltr'><em>τοῦτον</em></span> <span class='ocrx_word' id='word_1_154' title='bbox 596 1389 699 1449; x_wconf 81' lang='grc' dir='ltr'><em>ἀπέφηνεν</em></span> <span class='ocrx_word' id='word_1_155' title='bbox 713 1388 799 1447; x_wconf 85' lang='grc' dir='ltr'><em>νιαάσης</em></span> <span class='ocrx_word' id='word_1_156' title='bbox 818 1390 854 1448; x_wconf 81' lang='grc' dir='ltr'><em>νην</em></span> 
     </span>
     <span class='ocr_line' id='line_1_20' title="bbox 135 1459 854 1520; baseline 0 -14"><span class='ocrx_word' id='word_1_157' title='bbox 135 1462 174 1507; x_wconf 78' lang='grc' dir='ltr'><em>ἀπὸ</em></span> <span class='ocrx_word' id='word_1_158' title='bbox 189 1465 226 1505; x_wconf 79' lang='lat' dir='ltr'>aori</span> <span class='ocrx_word' id='word_1_159' title='bbox 240 1461 305 1519; x_wconf 88' lang='grc' dir='ltr'><em>νόμον</em></span> <span class='ocrx_word' id='word_1_160' title='bbox 319 1465 366 1505; x_wconf 82' lang='grc' dir='ltr'><em>τῶν</em></span> <span class='ocrx_word' id='word_1_161' title='bbox 378 1461 451 1519; x_wconf 74' lang='grc' dir='ltr'><em>ἔργων,</em></span> <span class='ocrx_word' id='word_1_162' title='bbox 474 1461 540 1520; x_wconf 79' lang='grc' dir='ltr'><em>ἐπειδη</em></span> <span class='ocrx_word' id='word_1_163' title='bbox 554 1465 618 1506; x_wconf 79' lang='grc' dir='ltr'><em>ταῦτα</em></span> <span class='ocrx_word' id='word_1_164' title='bbox 633 1459 680 1518; x_wconf 76' lang='grc' dir='ltr'><em>ἡμίν</em></span> <span class='ocrx_word' id='word_1_165' title='bbox 695 1460 734 1506; x_wconf 83' lang='grc' dir='ltr'><em>ἀπὸ</em></span> <span class='ocrx_word' id='word_1_166' title='bbox 749 1466 783 1518; x_wconf 84' lang='grc' dir='ltr'><em>της</em></span> <span class='ocrx_word' id='word_1_167' title='bbox 797 1465 854 1516; x_wconf 64' lang='grc' dir='ltr'><em>θείας</em></span> 
     </span>
     <span class='ocr_line' id='line_1_21' title="bbox 109 1527 853 1594; baseline 0 -15"><span class='ocrx_word' id='word_1_168' title='bbox 109 1527 220 1591; x_wconf 76' lang='grc' dir='ltr'><em>οηδπάρηει</em></span> <span class='ocrx_word' id='word_1_169' title='bbox 240 1533 330 1591; x_wconf 81' lang='grc' dir='ltr'><em>χάριτος,</em></span> <span class='ocrx_word' id='word_1_170' title='bbox 352 1532 365 1577; x_wconf 84' lang='grc' dir='ltr'><em>δ</em></span> <span class='ocrx_word' id='word_1_171' title='bbox 385 1533 423 1577; x_wconf 83' lang='grc' dir='ltr'><em>σὺν</em></span> <span class='ocrx_word' id='word_1_172' title='bbox 441 1537 508 1594; x_wconf 75' lang='grc' dir='ltr'><em>πολλῷ</em></span> <span class='ocrx_word' id='word_1_173' title='bbox 525 1538 552 1594; x_wconf 81' lang='grc' dir='ltr'><em>τῷ</em></span> <span class='ocrx_word' id='word_1_174' title='bbox 572 1532 628 1594; x_wconf 80' lang='grc' dir='ltr'><em>πόνῳ</em></span> <span class='ocrx_word' id='word_1_175' title='bbox 648 1536 793 1590; x_wconf 79' lang='grc' dir='ltr'><em>προσγίνεσδαι</em></span> <span class='ocrx_word' id='word_1_176' title='bbox 812 1533 853 1579; x_wconf 84' lang='grc' dir='ltr'><em>ἀπὸ</em></span> 
     </span>
     <span class='ocr_line' id='line_1_22' title="bbox 135 1602 854 1662; baseline 0.001 -12"><span class='ocrx_word' id='word_1_177' title='bbox 135 1609 175 1650; x_wconf 81' lang='grc' dir='ltr'><em>τάν</em></span> <span class='ocrx_word' id='word_1_178' title='bbox 190 1604 292 1662; x_wconf 74' lang='grc' dir='ltr'><em>προτέρων</em></span> <span class='ocrx_word' id='word_1_179' title='bbox 308 1603 345 1649; x_wconf 87' lang='grc' dir='ltr'><em>οάα</em></span> <span class='ocrx_word' id='word_1_180' title='bbox 354 1602 453 1662; x_wconf 76' lang='grc' dir='ltr'><em>ηδννηδη.</em></span> <span class='ocrx_word' id='word_1_181' title='bbox 479 1604 552 1659; x_wconf 79' lang='grc' dir='ltr'><em>Ἕδειξε</em></span> <span class='ocrx_word' id='word_1_182' title='bbox 567 1605 588 1649; x_wconf 77' lang='grc' dir='ltr'><em>δὲ</em></span> <span class='ocrx_word' id='word_1_183' title='bbox 604 1604 636 1649; x_wconf 86' lang='grc' dir='ltr'><em>διδ</em></span> <span class='ocrx_word' id='word_1_184' title='bbox 650 1604 715 1662; x_wconf 90' lang='grc' dir='ltr'><em>νόμον</em></span> <span class='ocrx_word' id='word_1_185' title='bbox 730 1608 813 1659; x_wconf 80' lang='grc' dir='ltr'><em>πίστεως</em></span> <span class='ocrx_word' id='word_1_186' title='bbox 828 1610 854 1651; x_wconf 88' lang='grc' dir='ltr'><em>εί-</em></span> 
     </span>
     <span class='ocr_line' id='line_1_23' title="bbox 135 1674 853 1737; baseline 0.001 -15"><span class='ocrx_word' id='word_1_187' title='bbox 135 1677 188 1733; x_wconf 76' lang='lat' dir='ltr'>ncio,</span> <span class='ocrx_word' id='word_1_188' title='bbox 207 1677 240 1720; x_wconf 82' lang='grc' dir='ltr'><em>ναί</em></span> <span class='ocrx_word' id='word_1_189' title='bbox 259 1676 286 1735; x_wconf 79' lang='grc' dir='ltr'><em>μὴ</em></span> <span class='ocrx_word' id='word_1_190' title='bbox 306 1674 373 1728; x_wconf 78' lang='grc' dir='ltr'><em>ἁπλῶς</em></span> <span class='ocrx_word' id='word_1_191' title='bbox 391 1676 424 1722; x_wconf 84' lang='grc' dir='ltr'><em>διδ</em></span> <span class='ocrx_word' id='word_1_192' title='bbox 442 1679 524 1729; x_wconf 85' lang='grc' dir='ltr'><em>πίστεως</em></span> <span class='ocrx_word' id='word_1_193' title='bbox 546 1676 578 1735; x_wconf 73' lang='grc' dir='ltr'><em>[τό</em></span> <span class='ocrx_word' id='word_1_194' title='bbox 593 1676 629 1734; x_wconf 73' lang='grc' dir='ltr'><em>μὲν</em></span> <span class='ocrx_word' id='word_1_195' title='bbox 644 1678 788 1735; x_wconf 68' lang='grc' dir='ltr'><em>διααιοάίσδαι</em></span> <span class='ocrx_word' id='word_1_196' title='bbox 802 1678 853 1737; x_wconf 86' lang='grc' dir='ltr'><em>πρὸς</em></span> 
     </span>
     <span class='ocr_line' id='line_1_24' title="bbox 135 1747 853 1808; baseline 0.003 -14"><span class='ocrx_word' id='word_1_197' title='bbox 135 1749 171 1795; x_wconf 85' lang='grc' dir='ltr'><em>τόν</em></span> <span class='ocrx_word' id='word_1_198' title='bbox 189 1747 254 1805; x_wconf 92' lang='grc' dir='ltr'><em>νόμον</em></span> <span class='ocrx_word' id='word_1_199' title='bbox 273 1747 299 1801; x_wconf 67' lang='lat' dir='ltr'><em>oie</em></span> <span class='ocrx_word' id='word_1_200' title='bbox 319 1747 425 1807; x_wconf 88' lang='grc' dir='ltr'><em>ἀλλότριον</em></span> <span class='ocrx_word' id='word_1_201' title='bbox 440 1747 512 1806; x_wconf 57' lang='lat' dir='ltr'>[aivam</span> <span class='ocrx_word' id='word_1_202' title='bbox 532 1751 549 1794; x_wconf 86' lang='grc' dir='ltr'><em>εί</em></span> <span class='ocrx_word' id='word_1_203' title='bbox 566 1750 608 1806; x_wconf 83' lang='grc' dir='ltr'><em>ναί]</em></span> <span class='ocrx_word' id='word_1_204' title='bbox 625 1749 656 1794; x_wconf 74' lang='grc' dir='ltr'><em>ἐπί</em></span> <span class='ocrx_word' id='word_1_205' title='bbox 670 1754 710 1794; x_wconf 79' lang='grc' dir='ltr'><em>τῶν</em></span> <span class='ocrx_word' id='word_1_206' title='bbox 725 1751 802 1795; x_wconf 80' lang='grc' dir='ltr'><em>οίαείεον</em></span> <span class='ocrx_word' id='word_1_207' title='bbox 817 1750 853 1808; x_wconf 82' lang='grc' dir='ltr'><em>τὴν</em></span> 
     </span>
     <span class='ocr_line' id='line_1_25' title="bbox 135 1819 398 1881; baseline -0.004 -16"><span class='ocrx_word' id='word_1_208' title='bbox 135 1821 271 1881; x_wconf 78' lang='grc' dir='ltr'><em>προσηγορίαν</em></span> <span class='ocrx_word' id='word_1_209' title='bbox 286 1819 398 1874; x_wconf 83' lang='grc' dir='ltr'><em>ἀσπάζεται.</em></span> 
     </span>
     <span class='ocr_line' id='line_1_26' title="bbox 109 1891 850 1952; baseline 0.001 -14"><span class='ocrx_word' id='word_1_210' title='bbox 109 1920 128 1948; x_wconf 68' lang='lat'><em>25</em></span> <span class='ocrx_word' id='word_1_211' title='bbox 176 1895 266 1944; x_wconf 67' lang='lat' dir='ltr'>libes,</span> <span class='ocrx_word' id='word_1_212' title='bbox 301 1891 327 1936; x_wconf 84' lang='grc' dir='ltr'><em>Τὸ</em></span> <span class='ocrx_word' id='word_1_213' title='bbox 343 1892 375 1936; x_wconf 78' lang='grc' dir='ltr'><em>δὲ’</em></span> <span class='ocrx_word' id='word_1_214' title='bbox 397 1891 526 1950; x_wconf 74' lang='grc' dir='ltr'><em>λογιζόμεθα,</em></span> <span class='ocrx_word' id='word_1_215' title='bbox 550 1891 587 1937; x_wconf 75' lang='lat' dir='ltr'>oria</span> <span class='ocrx_word' id='word_1_216' title='bbox 604 1893 635 1937; x_wconf 81' lang='grc' dir='ltr'><em>ἐπί</em></span> <span class='ocrx_word' id='word_1_217' title='bbox 655 1892 776 1952; x_wconf 81' lang='grc' dir='ltr'><em>ἀμφιβολίας</em></span> <span class='ocrx_word' id='word_1_218' title='bbox 790 1894 850 1952; x_wconf 82' lang='grc' dir='ltr'><em>λέγει,</em></span> 
     </span>
     <span class='ocr_line' id='line_1_27' title="bbox 136 1964 850 2027; baseline 0.004 -16"><span class='ocrx_word' id='word_1_219' title='bbox 136 1965 178 2012; x_wconf 71' lang='grc' dir='ltr'><em>ἀλλ’</em></span> <span class='ocrx_word' id='word_1_220' title='bbox 194 1964 238 2010; x_wconf 82' lang='grc' dir='ltr'><em>ἀντί</em></span> <span class='ocrx_word' id='word_1_221' title='bbox 252 1970 296 2011; x_wconf 66' lang='lat' dir='ltr'>cori*</span> <span class='ocrx_word' id='word_1_222' title='bbox 317 1970 404 2027; x_wconf 78' lang='grc' dir='ltr'><em>λογισμῷ</em></span> <span class='ocrx_word' id='word_1_223' title='bbox 423 1970 450 2027; x_wconf 80' lang='grc' dir='ltr'><em>τῷ</em></span> <span class='ocrx_word' id='word_1_224' title='bbox 469 1965 590 2024; x_wconf 78' lang='grc' dir='ltr'><em>προσηαοντι</em></span> <span class='ocrx_word' id='word_1_225' title='bbox 604 1965 692 2025; x_wconf 79' lang='grc' dir='ltr'><em>ἡγοῦμαι</em></span> <span class='ocrx_word' id='word_1_226' title='bbox 706 1972 741 2026; x_wconf 83' lang='grc' dir='ltr'><em>της</em></span> <span class='ocrx_word' id='word_1_227' title='bbox 755 1968 806 2014; x_wconf 72' lang='lat' dir='ltr'>aanor</span> <span class='ocrx_word' id='word_1_228' title='bbox 821 1971 850 2014; x_wconf 88' lang='grc' dir='ltr'><em>πί-</em></span> 
     </span>
    </p>
   </div>
   <div class='ocr_carea' id='block_1_3' title="bbox 131 2110 850 2875">
    <p class='ocr_par' dir='ltr' id='par_1_3' title="bbox 131 2110 850 2875">
     <span class='ocr_line' id='line_1_28' title="bbox 180 2110 849 2156; baseline 0.004 -11"><span class='ocrx_word' id='word_1_229' title='bbox 180 2123 193 2146; x_wconf 91' lang='grc' dir='ltr'><em>ι,</em></span> <span class='ocrx_word' id='word_1_230' title='bbox 206 2113 275 2156; x_wconf 81' lang='lat' dir='ltr'>Spicii„</span> <span class='ocrx_word' id='word_1_231' title='bbox 294 2123 307 2146; x_wconf 84' lang='grc' dir='ltr'><em>ο.</em></span> <span class='ocrx_word' id='word_1_232' title='bbox 321 2113 375 2146; x_wconf 79' lang='lat' dir='ltr'>Graiu.</span> <span class='ocrx_word' id='word_1_233' title='bbox 389 2123 404 2155; x_wconf 88' lang='lat' dir='ltr'><em>p.</em></span> <span class='ocrx_word' id='word_1_234' title='bbox 421 2112 447 2144; x_wconf 82' lang='lat'><em>17.</em></span> <span class='ocrx_word' id='word_1_235' title='bbox 471 2113 494 2145; x_wconf 88' lang='lat' dir='ltr'>ib.</span> <span class='ocrx_word' id='word_1_236' title='bbox 511 2112 530 2155; x_wconf 58' lang='lat' dir='ltr'><em>Cr</em></span> <span class='ocrx_word' id='word_1_237' title='bbox 546 2113 613 2146; x_wconf 74' lang='lat' dir='ltr'>Eram:</span> <span class='ocrx_word' id='word_1_238' title='bbox 628 2110 699 2147; x_wconf 79' lang='grc' dir='ltr'><em>οίαείονν,</em></span> <span class='ocrx_word' id='word_1_239' title='bbox 724 2123 738 2147; x_wconf 74' lang='grc' dir='ltr'><em>ε.</em></span> <span class='ocrx_word' id='word_1_240' title='bbox 753 2115 770 2147; x_wconf 83' lang='lat' dir='ltr'><em>C.</em></span> <span class='ocrx_word' id='word_1_241' title='bbox 783 2117 849 2150; x_wconf 82' lang='lat' dir='ltr'>Crem:</span> 
     </span>
     <span class='ocr_line' id='line_1_29' title="bbox 132 2170 850 2218; baseline 0.001 -11"><span class='ocrx_word' id='word_1_242' title='bbox 132 2170 205 2216; x_wconf 77' lang='grc' dir='ltr'><em>λέξομεν.</em></span> <span class='ocrx_word' id='word_1_243' title='bbox 230 2172 488 2214; x_wconf 48' lang='lat' dir='ltr'>r.spicit.0o,01·amp.18.</span> <span class='ocrx_word' id='word_1_244' title='bbox 514 2172 715 2218; x_wconf 57' lang='lat' dir='ltr'>adcremaoiom.</span> <span class='ocrx_word' id='word_1_245' title='bbox 735 2176 850 2214; x_wconf 58' lang='lat' dir='ltr'>anisii,</span> 
     </span>
     <span class='ocr_line' id='line_1_30' title="bbox 132 2226 850 2275; baseline 0.003 -8"><span class='ocrx_word' id='word_1_246' title='bbox 132 2235 148 2267; x_wconf 74' lang='lat' dir='ltr'>i,</span> <span class='ocrx_word' id='word_1_247' title='bbox 174 2241 198 2267; x_wconf 84' lang='grc' dir='ltr'><em>ιν.</em></span> <span class='ocrx_word' id='word_1_248' title='bbox 210 2233 267 2267; x_wconf 91' lang='lat' dir='ltr'>Libri:</span> <span class='ocrx_word' id='word_1_249' title='bbox 285 2226 362 2266; x_wconf 82' lang='grc' dir='ltr'><em>ἀστετδ.</em></span> <span class='ocrx_word' id='word_1_250' title='bbox 392 2233 529 2274; x_wconf 73' lang='lat' dir='ltr'>insequentia,</span> <span class='ocrx_word' id='word_1_251' title='bbox 548 2233 609 2274; x_wconf 89' lang='lat' dir='ltr'>quibos</span> <span class='ocrx_word' id='word_1_252' title='bbox 621 2235 709 2275; x_wconf 85' lang='lat' dir='ltr'>responsio</span> <span class='ocrx_word' id='word_1_253' title='bbox 722 2235 850 2274; x_wconf 74' lang='lat' dir='ltr'>continebatur,</span> 
     </span>
     <span class='ocr_line' id='line_1_31' title="bbox 132 2292 850 2336; baseline 0.004 -10"><span class='ocrx_word' id='word_1_254' title='bbox 132 2298 191 2328; x_wconf 78' lang='lat' dir='ltr'>auctor</span> <span class='ocrx_word' id='word_1_255' title='bbox 204 2297 273 2327; x_wconf 82' lang='lat' dir='ltr'>catenae</span> <span class='ocrx_word' id='word_1_256' title='bbox 285 2303 374 2336; x_wconf 80' lang='lat' dir='ltr'>perperam</span> <span class='ocrx_word' id='word_1_257' title='bbox 386 2293 448 2326; x_wconf 88' lang='lat' dir='ltr'>omisit.</span> <span class='ocrx_word' id='word_1_258' title='bbox 472 2293 588 2325; x_wconf 85' lang='lat' dir='ltr'>Theodoretus</span> <span class='ocrx_word' id='word_1_259' title='bbox 603 2292 688 2326; x_wconf 87' lang='lat' dir='ltr'>Psaimum</span> <span class='ocrx_word' id='word_1_260' title='bbox 700 2294 721 2326; x_wconf 86' lang='lat' dir='ltr'>ad</span> <span class='ocrx_word' id='word_1_261' title='bbox 734 2294 799 2329; x_wconf 88' lang='lat' dir='ltr'>cladem</span> <span class='ocrx_word' id='word_1_262' title='bbox 810 2296 850 2329; x_wconf 88' lang='lat' dir='ltr'>Hie·</span> 
     </span>
     <span class='ocr_line' id='line_1_32' title="bbox 134 2353 849 2396; baseline 0.003 -10"><span class='ocrx_word' id='word_1_263' title='bbox 134 2355 220 2396; x_wconf 77' lang='lat' dir='ltr'>rosolpnris</span> <span class='ocrx_word' id='word_1_264' title='bbox 237 2354 385 2387; x_wconf 83' lang='lat' dir='ltr'>aSeuuaoheribo</span> <span class='ocrx_word' id='word_1_265' title='bbox 397 2354 513 2386; x_wconf 75' lang='lat' dir='ltr'>imminentem</span> <span class='ocrx_word' id='word_1_266' title='bbox 526 2353 593 2386; x_wconf 88' lang='lat' dir='ltr'>retulit:</span> <span class='ocrx_word' id='word_1_267' title='bbox 613 2361 656 2394; x_wconf 85' lang='lat' dir='ltr'>quae</span> <span class='ocrx_word' id='word_1_268' title='bbox 668 2354 682 2386; x_wconf 92' lang='lat' dir='ltr'>si</span> <span class='ocrx_word' id='word_1_269' title='bbox 694 2355 752 2387; x_wconf 88' lang='lat' dir='ltr'>eadem</span> <span class='ocrx_word' id='word_1_270' title='bbox 764 2355 849 2390; x_wconf 86' lang='lat' dir='ltr'>Theodori</span> 
     </span>
     <span class='ocr_line' id='line_1_33' title="bbox 132 2412 849 2459; baseline 0.006 -13"><span class='ocrx_word' id='word_1_271' title='bbox 132 2414 164 2447; x_wconf 86' lang='lat' dir='ltr'><em>run</em></span> <span class='ocrx_word' id='word_1_272' title='bbox 175 2415 257 2447; x_wconf 84' lang='lat' dir='ltr'>sententia</span> <span class='ocrx_word' id='word_1_273' title='bbox 272 2416 300 2448; x_wconf 92' lang='lat' dir='ltr'>bic</span> <span class='ocrx_word' id='word_1_274' title='bbox 312 2415 332 2447; x_wconf 90' lang='lat' dir='ltr'>ad</span> <span class='ocrx_word' id='word_1_275' title='bbox 345 2415 433 2448; x_wconf 81' lang='lat' dir='ltr'>Ezechiam</span> <span class='ocrx_word' id='word_1_276' title='bbox 447 2413 526 2455; x_wconf 79' lang='lat' dir='ltr'>respexit.</span> <span class='ocrx_word' id='word_1_277' title='bbox 557 2421 581 2446; x_wconf 84' lang='lat' dir='ltr'><em>ra.</em></span> <span class='ocrx_word' id='word_1_278' title='bbox 594 2412 661 2454; x_wconf 81' lang='lat' dir='ltr'>spicit..</span> <span class='ocrx_word' id='word_1_279' title='bbox 674 2414 691 2446; x_wconf 88' lang='lat' dir='ltr'>in</span> <span class='ocrx_word' id='word_1_280' title='bbox 703 2423 717 2446; x_wconf 91' lang='lat' dir='ltr'><em>c.</em></span> <span class='ocrx_word' id='word_1_281' title='bbox 730 2415 784 2449; x_wconf 76' lang='lat' dir='ltr'>Eram.</span> <span class='ocrx_word' id='word_1_282' title='bbox 800 2427 816 2459; x_wconf 90' lang='lat' dir='ltr'><em>p.</em></span> <span class='ocrx_word' id='word_1_283' title='bbox 828 2417 849 2450; x_wconf 71' lang='lat'><em>23</em></span> 
     </span>
     <span class='ocr_line' id='line_1_34' title="bbox 133 2474 848 2518; baseline 0.006 -12"><span class='ocrx_word' id='word_1_284' title='bbox 133 2474 211 2506; x_wconf 85' lang='lat' dir='ltr'>tribuitur</span> <span class='ocrx_word' id='word_1_285' title='bbox 223 2475 301 2518; x_wconf 76' lang='lat' dir='ltr'>origeni,</span> <span class='ocrx_word' id='word_1_286' title='bbox 320 2476 348 2508; x_wconf 89' lang='lat' dir='ltr'><em>sed</em></span> <span class='ocrx_word' id='word_1_287' title='bbox 361 2484 420 2508; x_wconf 90' lang='lat' dir='ltr'>errore</span> <span class='ocrx_word' id='word_1_288' title='bbox 433 2477 496 2507; x_wconf 90' lang='lat' dir='ltr'>tantum</span> <span class='ocrx_word' id='word_1_289' title='bbox 509 2474 595 2506; x_wconf 87' lang='lat' dir='ltr'>Theodori</span> <span class='ocrx_word' id='word_1_290' title='bbox 607 2475 748 2512; x_wconf 74' lang='lat' dir='ltr'>nomonrideirrr</span> <span class='ocrx_word' id='word_1_291' title='bbox 760 2477 848 2510; x_wconf 83' lang='lat' dir='ltr'>excidisse.</span> 
     </span>
     <span class='ocr_line' id='line_1_35' title="bbox 133 2533 846 2578; baseline 0.007 -13"><span class='ocrx_word' id='word_1_292' title='bbox 133 2541 158 2566; x_wconf 75' lang='lat' dir='ltr'>rs</span> <span class='ocrx_word' id='word_1_293' title='bbox 176 2533 206 2566; x_wconf 82' lang='lat' dir='ltr'>iiic</span> <span class='ocrx_word' id='word_1_294' title='bbox 219 2535 250 2567; x_wconf 88' lang='lat' dir='ltr'>nisi</span> <span class='ocrx_word' id='word_1_295' title='bbox 266 2536 348 2578; x_wconf 80' lang='lat' dir='ltr'>quaedam</span> <span class='ocrx_word' id='word_1_296' title='bbox 363 2536 463 2568; x_wconf 85' lang='lat' dir='ltr'>exciderunt</span> <span class='ocrx_word' id='word_1_297' title='bbox 480 2534 520 2567; x_wconf 88' lang='lat' dir='ltr'>satis</span> <span class='ocrx_word' id='word_1_298' title='bbox 536 2533 641 2576; x_wconf 79' lang='lat' dir='ltr'>negligenter</span> <span class='ocrx_word' id='word_1_299' title='bbox 657 2534 724 2576; x_wconf 84' lang='lat' dir='ltr'>scripsit</span> <span class='ocrx_word' id='word_1_300' title='bbox 739 2536 846 2577; x_wconf 83' lang='lat' dir='ltr'>Theodorus;</span> 
     </span>
     <span class='ocr_line' id='line_1_36' title="bbox 132 2588 848 2639; baseline 0.007 -14"><span class='ocrx_word' id='word_1_301' title='bbox 132 2597 169 2636; x_wconf 92' lang='lat' dir='ltr'>post</span> <span class='ocrx_word' id='word_1_302' title='bbox 180 2603 196 2626; x_wconf 81' lang='lat' dir='ltr'><em>v.</em></span> <span class='ocrx_word' id='word_1_303' title='bbox 207 2591 237 2637; x_wconf 85' lang='grc' dir='ltr'><em>τὴν</em></span> <span class='ocrx_word' id='word_1_304' title='bbox 249 2596 291 2628; x_wconf 89' lang='lat' dir='ltr'>adde</span> <span class='ocrx_word' id='word_1_305' title='bbox 303 2593 389 2639; x_wconf 72' lang='lat' dir='ltr'>aueppotc</span> <span class='ocrx_word' id='word_1_306' title='bbox 418 2603 444 2630; x_wconf 75' lang='lat' dir='ltr'>aa.</span> <span class='ocrx_word' id='word_1_307' title='bbox 461 2593 542 2629; x_wconf 80' lang='lat' dir='ltr'>Codicum</span> <span class='ocrx_word' id='word_1_308' title='bbox 555 2595 631 2626; x_wconf 86' lang='lat' dir='ltr'>lacunam</span> <span class='ocrx_word' id='word_1_309' title='bbox 644 2595 692 2627; x_wconf 87' lang='lat' dir='ltr'>uncis</span> <span class='ocrx_word' id='word_1_310' title='bbox 704 2600 778 2629; x_wconf 87' lang='lat' dir='ltr'>notatam</span> <span class='ocrx_word' id='word_1_311' title='bbox 789 2588 848 2630; x_wconf 86' lang='lat' dir='ltr'>uteun-</span> 
     </span>
     <span class='ocr_line' id='line_1_37' title="bbox 132 2654 847 2699; baseline 0.003 -13"><span class='ocrx_word' id='word_1_312' title='bbox 132 2663 164 2698; x_wconf 82' lang='lat' dir='ltr'>cpre</span> <span class='ocrx_word' id='word_1_313' title='bbox 176 2654 259 2696; x_wconf 85' lang='lat' dir='ltr'>suppleri,</span> <span class='ocrx_word' id='word_1_314' title='bbox 277 2664 331 2697; x_wconf 89' lang='lat' dir='ltr'>ueque</span> <span class='ocrx_word' id='word_1_315' title='bbox 348 2655 393 2689; x_wconf 85' lang='lat' dir='ltr'>enim</span> <span class='ocrx_word' id='word_1_316' title='bbox 408 2660 469 2699; x_wconf 87' lang='lat' dir='ltr'>quanta</span> <span class='ocrx_word' id='word_1_317' title='bbox 486 2656 508 2689; x_wconf 89' lang='lat' dir='ltr'>sit</span> <span class='ocrx_word' id='word_1_318' title='bbox 525 2656 545 2688; x_wconf 89' lang='lat' dir='ltr'>ab</span> <span class='ocrx_word' id='word_1_319' title='bbox 558 2654 651 2687; x_wconf 83' lang='lat' dir='ltr'>editoribus</span> <span class='ocrx_word' id='word_1_320' title='bbox 668 2659 747 2690; x_wconf 84' lang='lat' dir='ltr'>accurate</span> <span class='ocrx_word' id='word_1_321' title='bbox 759 2657 847 2690; x_wconf 60' lang='lat' dir='ltr'>indicatur,</span> 
     </span>
     <span class='ocr_line' id='line_1_38' title="bbox 131 2714 846 2759; baseline 0.003 -13"><span class='ocrx_word' id='word_1_322' title='bbox 131 2714 209 2747; x_wconf 81' lang='lat' dir='ltr'>Ceterum</span> <span class='ocrx_word' id='word_1_323' title='bbox 222 2722 260 2745; x_wconf 88' lang='lat' dir='ltr'>curu</span> <span class='ocrx_word' id='word_1_324' title='bbox 272 2715 330 2747; x_wconf 84' lang='lat' dir='ltr'>eadem</span> <span class='ocrx_word' id='word_1_325' title='bbox 342 2715 402 2748; x_wconf 88' lang='lat' dir='ltr'>lacuna</span> <span class='ocrx_word' id='word_1_326' title='bbox 414 2721 430 2749; x_wconf 93' lang='lat' dir='ltr'><em>et</em></span> <span class='ocrx_word' id='word_1_327' title='bbox 441 2717 485 2759; x_wconf 92' lang='lat' dir='ltr'>apud</span> <span class='ocrx_word' id='word_1_328' title='bbox 498 2715 552 2748; x_wconf 84' lang='lat' dir='ltr'>Cram.</span> <span class='ocrx_word' id='word_1_329' title='bbox 566 2714 660 2755; x_wconf 86' lang='lat' dir='ltr'>reperiatur</span> <span class='ocrx_word' id='word_1_330' title='bbox 671 2719 688 2748; x_wconf 90' lang='lat' dir='ltr'><em>et</em></span> <span class='ocrx_word' id='word_1_331' title='bbox 700 2716 716 2748; x_wconf 91' lang='lat' dir='ltr'>in</span> <span class='ocrx_word' id='word_1_332' title='bbox 730 2717 795 2750; x_wconf 86' lang='lat' dir='ltr'>duobus</span> <span class='ocrx_word' id='word_1_333' title='bbox 807 2717 846 2752; x_wconf 87' lang='lat' dir='ltr'>Maii</span> 
     </span>
     <span class='ocr_line' id='line_1_39' title="bbox 131 2764 846 2824; baseline 0.006 -17"><span class='ocrx_word' id='word_1_334' title='bbox 131 2774 168 2807; x_wconf 87' lang='lat' dir='ltr'>cdd.</span> <span class='ocrx_word' id='word_1_335' title='bbox 180 2773 212 2809; x_wconf 85' lang='lat' dir='ltr'>sit.</span> <span class='ocrx_word' id='word_1_336' title='bbox 224 2772 254 2805; x_wconf 88' lang='lat' dir='ltr'><em>hos</em></span> <span class='ocrx_word' id='word_1_337' title='bbox 266 2775 332 2808; x_wconf 82' lang='lat' dir='ltr'>codices</span> <span class='ocrx_word' id='word_1_338' title='bbox 349 2785 368 2807; x_wconf 80' lang='lat' dir='ltr'><em>er</em></span> <span class='ocrx_word' id='word_1_339' title='bbox 381 2777 439 2810; x_wconf 84' lang='lat' dir='ltr'>codem</span> <span class='ocrx_word' id='word_1_340' title='bbox 451 2777 497 2810; x_wconf 86' lang='lat' dir='ltr'>fonte</span> <span class='ocrx_word' id='word_1_341' title='bbox 510 2784 586 2809; x_wconf 86' lang='lat' dir='ltr'>manasse</span> <span class='ocrx_word' id='word_1_342' title='bbox 598 2774 705 2810; x_wconf 78' lang='lat' dir='ltr'>manifestum</span> <span class='ocrx_word' id='word_1_343' title='bbox 718 2780 748 2810; x_wconf 79' lang='lat' dir='ltr'>est.</span> <span class='ocrx_word' id='word_1_344' title='bbox 773 2784 798 2811; x_wconf 71' lang='grc' dir='ltr'><em>ει.</em></span> <span class='ocrx_word' id='word_1_345' title='bbox 808 2764 846 2824; x_wconf 62' lang='grc' dir='ltr'><em>βρί-</em></span> 
     </span>
     <span class='ocr_line' id='line_1_40' title="bbox 131 2833 324 2875; baseline -0.021 -7"><span class='ocrx_word' id='word_1_346' title='bbox 131 2836 165 2873; x_wconf 73' lang='grc' dir='ltr'><em>ολ,</em></span> <span class='ocrx_word' id='word_1_347' title='bbox 179 2843 197 2866; x_wconf 77' lang='grc' dir='ltr'><em>ο·</em></span> <span class='ocrx_word' id='word_1_348' title='bbox 206 2833 258 2866; x_wconf 76' lang='lat' dir='ltr'>[Iram.</span> <span class='ocrx_word' id='word_1_349' title='bbox 272 2836 324 2875; x_wconf 58' lang='lat' dir='ltr'>pazt,</span> 
     </span>
    </p>
   </div>
   <div class='ocr_carea' id='block_1_4' title="bbox 0 0 892 3073">
    <p class='ocr_par' dir='ltr' id='par_1_4' title="bbox 0 0 892 3073">
     <span class='ocr_line' id='line_1_41' title="bbox 0 0 892 3073; baseline 0 0"><span class='ocrx_word' id='word_1_350' title='bbox 0 0 892 3073; x_wconf 95' lang='lat' dir='ltr'><em> </em></span> 
     </span>
    </p>
   </div>
  </div>
 </body>
</html>
