1773 3073
94 65 96 67 ’
138 82 160 117 ω
358 79 469 113 νιιεονοιιι
479 80 633 116 πιονενεενενι

138 188 296 248 μετιιληφειμεν,
315 182 365 228 άλλά
382 182 420 241 γάρ
435 185 469 229 ναὶ
484 184 514 230 δτι
527 183 554 243 μη
569 184 642 238 πάσαις
656 185 741 231 ἕπεσθαι
754 190 797 237 ταῖς
812 183 853 231 ἐπι-

139 265 221 319 θυμίαις
240 255 306 306 ἁπλοῖς
326 255 420 299 ἐντεῦθεν
438 256 578 311 μανθάνοντες
602 257 752 316 ἡμαριάνομεν,
775 256 799 300 τά
819 261 853 314 τῆς

138 332 244 386 ἐπιθυμίας
258 325 312 380 παρά
327 325 349 370 τό
365 325 411 370 δέον
425 330 515 384 πληροῦν
530 327 663 385 ἐπειγόμενοι·
679 330 739 372 τοῦτο
753 326 792 384 γάρ
802 328 854 385 λίγει

137 404 171 448 ιδ’
191 396 333 455 αατειργάσατο
351 398 373 442 ἐν
392 398 434 455 ἐμοί
449 402 517 443 πάσαν
531 400 650 457 ἐπιθυμίαν,
670 400 715 446 άντλ
728 403 765 443 τοῦ
779 399 854 452 παντὸς

122 470 277 531 τάμαρτηματος
298 468 338 515 άπό
358 487 412 523 τινος
433 470 541 529 ἐπιθυμίας
561 472 685 530 πετομένου.
715 470 822 516 Ἐντεῦθεν
841 470 852 530 ἡ

137 544 187 604 άρχη
201 544 283 601 γέγονεν
296 540 354 600 ἡμῖν,
375 542 408 589 άτε
423 543 448 602 δὴ
462 547 496 602 τῆς
511 547 626 601 διακρίσεως
640 545 677 597 τάς
691 543 785 603 άηορμάς
794 546 854 598 ’δεξα-

137 616 196 675 μένης
211 617 311 660 ἐντεῦθεν,
341 614 399 660 Οὕτω
413 617 446 659 νοίι
461 616 482 659 ἐν
495 622 537 668 τοῖς
552 614 659 672 άνωτέροις
672 615 708 660 τό·
729 615 766 673 την
781 616 853 661 ἐπιθυ-

137 691 184 745 μίαν
199 686 237 732 οάιι
251 687 316 746 ᾔδειν,
334 690 351 732 ελ
365 686 392 744 μὴ
407 685 418 732 ὁ
433 686 495 745 νόμος
509 688 574 744 ἐλεγεν
589 687 627 733 οάα
642 686 786 745 ἐπιθυμήσεις,
810 687 854 733 άντί

137 751 173 804 τοῦ
188 758 226 805 οάα
241 757 266 803 δν
280 759 338 817 ᾔδειν
353 757 379 811 ἐίς
394 757 418 803 οὐ
434 761 464 803 δεῖ
477 776 495 803 τι
509 764 574 804 ποιεῖν
588 763 628 804 τῶν
643 760 665 804 ἐν
679 760 777 819 ἐπιθυμίη
791 759 853 816 αειμέ-

113 849 187 883 ιονων,
208 834 225 876 εί
244 830 271 888 μὴ
289 829 352 888 νόμος
366 825 392 889 ἦν
406 828 417 874 ὁ
432 835 492 875 τοῦτο
507 833 599 890 διορίζων
613 829 675 889 ἡμῖν·
696 832 729 875 καὶ
742 831 781 889 γάρ
796 830 819 876 τδ
834 831 855 876 ἐν

138 904 181 961 ἐμοὶ
199 903 231 948 ὅτε
249 901 309 960 λέγει,
329 902 351 947 τό
370 901 439 948 ιιοινδν
457 903 508 960 λέγει
526 908 566 948 τῶν
586 903 701 961 ἀνθρώπων
715 905 747 948 ναί
762 910 803 955 τοῖς
817 907 854 947 τοῦ

137 975 200 1034 Ἀδάμ
220 977 247 1027 είς
267 973 369 1029 άπόδειξιν
386 974 478 1033 νέχρηται
497 980 537 1021 τοῖν
551 979 638 1021 ποινάν·
667 976 716 1022 δθεν
731 976 761 1020 ἐπὶ
776 980 812 1020 τοῦ
825 978 854 1020 ὀῖ-

138 1051 193 1093 πείου
208 1046 287 1092 ιιάνεῖνο
302 1047 354 1105 λέγει
367 1046 488 1103 προσάπον,
497 1047 537 1092 διά
552 1046 633 1092 πάντων
648 1049 710 1102 δεῖξαι
724 1045 854 1105 βουλόμενος,

138 1120 169 1165 ὅτι
184 1120 297 1177 άναγιαίως
312 1119 348 1176 μὲν
362 1117 413 1163 αατδι
422 1118 458 1164 τόν
468 1119 559 1177 παρόντα
569 1122 613 1176 βίον
623 1118 694 1176 νόμοις
703 1119 855 1176 πολιτευόμεθα,

114 1190 173 1249 ιεάηέ
189 1185 217 1235 ὧν
231 1188 243 1247 ἡ
259 1189 346 1246 ἔμφυτος
361 1188 483 1233 άυανινεῖται
497 1189 607 1248 διάνιρισις,
628 1189 779 1247 παιδευομένων
793 1184 856 1234 οδντε
873 1233 874 1236 ,

140 1262 248 1320 άπέχεσθαι
261 1262 294 1305 καὶ
309 1260 322 1304 δ
336 1266 401 1306 ποιεῖν
415 1259 521 1319 προσήκει,
538 1259 587 1305 ὥστε
601 1262 634 1305 ναὶ
648 1261 670 1306 τδ
684 1260 765 1319 λογιαδν
776 1261 797 1305 ἐν
808 1259 855 1319 ἡμῖν

140 1333 221 1394 ἐνεργόν
242 1331 304 1378 εἶναι’
324 1335 378 1392 χρεία
393 1332 414 1377 δέ
428 1337 463 1391 τῆς
477 1331 587 1391 μελλούσης
601 1332 649 1391 ἡμῖν
662 1332 811 1397 καταστάσεως,
835 1334 857 1378 ἐν

140 1402 153 1466 ᾗ
171 1404 274 1465 γεγονότες
292 1404 316 1449 τά
331 1404 444 1463 φαινόμενα
458 1403 505 1463 ἡμῖν
519 1403 582 1457 ααλά,
600 1406 709 1450 ταῦτακαὶ
724 1410 806 1463 ποιησαι
821 1409 855 1451 δν-

140 1479 244 1538 νησόμεθα
258 1479 337 1534 ῥαδίως.
361 1477 428 1521 Ὅθεν
441 1482 477 1534 τῆς
491 1479 564 1528 ολαεέας
579 1477 671 1534 ἐχόμενος
686 1476 856 1530 άαολονθίαςααί

115 1555 178 1596 νοτοιῖ
197 1548 309 1600 δειννάναι,
332 1547 359 1600 ὥς
378 1547 422 1593 οὐδ’
445 1548 470 1593 άν
487 1566 517 1601 τις
534 1543 560 1605 ἦν
575 1549 596 1592 ἐν
611 1547 659 1606 ἡμῖν
673 1548 771 1608 διάκρισις
785 1554 856 1594 τοῦ-τε

141 1626 204 1667 ιαλου
219 1621 251 1666 ααί
265 1625 302 1665 τοῦ
316 1622 415 1678 χείρονος,
431 1618 479 1665 οάδέ
494 1618 589 1678 ἁμαρτίας
601 1621 713 1677 ἐπίγνωσις,
729 1624 745 1666 εί
759 1622 786 1679 μὴ
801 1623 856 1682 νόμῳ

141 1697 204 1738 ταῦτα
218 1691 311 1749 διόριστο
326 1691 370 1750 παρ’
386 1690 443 1748 ημῖν,
459 1690 538 1749 άλόγων
553 1692 574 1736 δέ
589 1694 645 1749 δίνην
659 1692 681 1737 ιδ
691 1693 804 1751 προστυχὸν
814 1710 856 1738 ποι-

142 1771 172 1809 εῖν
186 1765 239 1810 άπαν
254 1763 371 1821 ἐμέλλομεν,
387 1761 465 1820 ἐπάγει·
484 1765 543 1821 χωρὶς
556 1762 594 1821 γάρ
609 1762 675 1822 νόμον
689 1762 775 1821 άμαρτία
788 1764 856 1824 νεκρά,

143 1835 195 1881 Οὐδ’
211 1834 237 1880 άν
251 1836 366 1893 ἐνεργηθείη
381 1836 453 1892 φησίν,
472 1833 586 1894 άμάρτημα,
602 1836 628 1894 μη
643 1835 698 1897 νόμῳ
714 1838 855 1896 διωρισμένον·

115 1907 176 1956 ιεδιά
195 1910 226 1961 τίς
250 1906 280 1952 ὅτι
297 1906 334 1966 οὐχ
353 1906 365 1965 ἡ
383 1909 453 1966 πρᾶξις
468 1905 573 1966 ἁμάρτημα
588 1906 665 1964 άπλοῖς,
689 1907 738 1953 άλλά
752 1908 775 1953 τά
790 1909 856 1955 είδότα

142 1974 171 2025 όν
190 1977 297 2038 άπέχεσθαι
315 1978 420 2038 προσάντει,
440 1986 505 2025 ποιεῖν
523 1997 542 2024 τι
555 1979 611 2038 παρά
624 1979 649 2024 τά
664 1980 778 2038 ἐγνωσμένα
791 1984 857 2034 ααλιδς

143 2053 200 2110 ἐχειν.
402 2057 403 2060 ’

183 2125 229 2180 Vll,
245 2129 333 2169 9-12.
359 2122 425 2169 Πάλιν
440 2124 470 2168 ἐπί
484 2124 507 2169 τδ
522 2123 648 2184 παράδειγμα
662 2132 721 2184 χωρεῖ
735 2129 762 2179 εἰς
774 2126 811 2185 τὴν
820 2131 857 2172 τοῦ

140 2195 273 2255 προαειμένου
290 2198 396 2249 πίστωσιν,
418 2197 451 2238 παὶ
470 2198 544 2253 φησίν·
567 2196 604 2253 ἐγω
620 2197 641 2241 δέ
657 2198 705 2251 ἐζων
719 2200 778 2255 χωρίς
792 2197 857 2255 νόμον

115 2269 199 2323 εοποτέ,
221 2268 264 2324 περί
285 2271 322 2312 ποιῖ
341 2266 401 2324 Ἀδάμ
420 2267 493 2324 λέγων,
516 2266 542 2319 ιδς
560 2266 585 2312 άν
604 2268 636 2313 ὅτε
651 2268 714 2322 εὐθὺς
728 2270 805 2327 ἐγένετο
820 2271 856 2324 ἐξω

188 2438 199 2464 ι.
212 2429 256 2472 Spiu.
269 2432 286 2462 ελ
297 2438 311 2462 ο.
325 2429 389 2463 δεινος
401 2425 529 2472 μετειλήφαμεν.
554 2434 568 2460 ι.
581 2427 597 2462 Ε.
610 2428 643 2463 Mn
658 2422 730 2462 ἕπεσθαι
741 2440 756 2462 ν.
768 2425 814 2466 ἐπιθ,
826 2441 857 2474 μοι·

141 2485 202 2528 δόντες
213 2484 309 2532 ἡμάρτομεν
322 2484 389 2529 οἱνάοας
400 2485 448 2531 παρά
459 2485 479 2521 τά
491 2506 519 2521 -,
544 2495 557 2520 7.
571 2487 588 2520 C.
601 2487 632 2521 M:
647 2486 677 2533 νηί.
702 2495 726 2520 ιο.
739 2489 757 2521 V.
770 2485 792 2530 τίς
804 2485 825 2524 οὗ
840 2510 854 2516 -

141 2545 220 2591 κειμένων
232 2549 309 2592 leguntur
325 2550 341 2582 iu
354 2559 368 2582 ο.
380 2549 402 2583 Μ.
415 2552 480 2592 μυεῖν.
493 2546 576 2592 διορίζων.
600 2548 622 2580 ib.
635 2548 653 2582 C.·
665 2548 689 2583 Μ.
701 2542 711 2582 δ
722 2545 780 2592 νόμας.
804 2551 827 2584 ih.
840 2550 857 2583 V.

141 2603 322 2652 ἠμίνείιεελεο.θλ.
351 2609 456 2643 ιεαοινοῖν,
480 2610 582 2651 Hucusque
595 2609 643 2643 οΜ.
675 2609 790 2652 λαθραίαν.
803 2612 857 2645 Grum.

142 2680 157 2712 p.
170 2655 234 2701 νιζνι.
246 2673 262 2700 ει
274 2678 283 2701 ε
295 2679 309 2702 ι.
320 2670 367 2703 uon.
380 2667 406 2714 (u.
415 2668 507 2714 Μονίμη
520 2680 535 2713 ρ,
548 2668 585 2700 ινε,
598 2670 615 2702 ο.
629 2670 651 2701 ιι
663 2669 747 2712 principio
760 2672 782 2703 ua
795 2672 856 2704 ιιιια

143 2724 193 2768 Τινές
208 2724 226 2761 δέ
241 2727 268 2761 τὸ·
286 2725 317 2772 ἐγὼ
334 2725 376 2771 ἐζαν
392 2728 442 2773 χωρίς
457 2727 511 2774 νόμον
523 2724 565 2763 ποτέ
577 2726 605 2761 ναί
617 2725 639 2761 τά
651 2723 697 2773 ἑξῆς,
711 2728 748 2774 περὶ
760 2729 791 2764 τοά
803 2726 858 2774 Ἀδάμ

140 2786 192 2833 λέγειν
204 2786 246 2832 φασὶ
257 2786 287 2821 τὸν
299 2784 401 2830 ἀπόστολον,
419 2785 442 2828 εἰς
457 2784 484 2823 διε
500 2811 527 2822 -.
556 2790 582 2821 Ita
594 2789 673 2821 nimirum
689 2793 758 2823 catenae
774 2791 857 2832 scriptor,

141 2851 173 2883 ium
186 2848 277 2882 λίνεοδοναε
291 2848 380 2882 adnectens
393 2858 410 2881 v.
423 2848 432 2879 λ.
