1723 3073
209 93 232 128 IN
244 89 366 130 EPISTOLAM
377 95 385 127 Ι
397 91 425 127 ΑΙ]
438 93 575 130 TIMOTHEUM.
736 89 765 126 151

53 198 228 256 διαπραττόμενοι,
245 202 321 242 οἴονται
335 199 429 244 κάλλιστα
443 207 517 253 ποιεῖν,
535 204 551 245 εί
561 202 586 260 δὴ
596 203 724 260 βαπτίζοντες
732 198 767 241 τόιι

52 267 106 321 όπως
119 269 167 315 ποτέ
181 268 263 327 ἐζηκότα
279 270 310 315 ἐπὶ
323 270 360 330 τὴν
374 275 411 317 τοιῖ
425 271 500 331 κλὴρου
512 274 640 332 λειτουργίαν
650 268 766 330 παρόγοιεν,

50 340 112 398 μηδὲν
127 340 197 400 ἀρετὴς
211 342 244 385 καλ
259 345 293 399 τὴς
307 344 351 400 περὶ
365 343 402 401 τὴν
417 341 518 402 εόσεβείαν
535 346 645 403 ἐπιμελείας
663 342 767 401 γνωρισμα

51 410 181 470 ἐπαγόμενον.

86 484 130 530 Ἵνα
147 485 186 544 γιλρ
204 485 297 545 σιωπήσω
314 491 351 532 τοό
371 490 504 546 βαπτίσματος
518 489 555 547 τὴν
570 491 643 545 αἰτίαν,
663 487 694 546 ἐφ’
708 481 722 546 ὴ
737 488 766 532 δί-
784 498 792 525 5

51 560 117 612 δοται,
132 558 183 615 πρός
197 557 223 616 ὴν
238 558 286 604 οόδέ
301 557 381 619 ἀφοριῖν
396 560 500 605 ἐθέλουσιν
516 564 535 605 οῖ
544 549 622 615 πολλοὶ,
637 562 700 606 ἐκεῖνο
714 562 765 616 γοῦν

52 629 125 675 εἰδέναι
140 628 215 683 αόιοός
230 631 297 689 ἐχρῆν,
313 631 343 677 ότι
358 630 368 677 ὁ
384 632 481 691 μακάριος
496 636 578 686 Παῦλος
592 635 636 692 περί
649 634 695 691 βίον
704 649 766 689 νομο-

50 707 113 753 θετεῖ,
135 699 182 746 καθ’
203 701 227 745 ὃν
241 705 316 758 νομίζει
330 706 371 747 δεῖν
387 703 475 760 ἐζηκέναι
489 702 524 747 τόν
539 704 654 758 ἐπίσκοπον,
678 703 702 748 οὐ
721 705 765 760 περὶ

52 771 194 830 σνγχωρὴσεως
220 772 328 830 διαλέγεται
349 778 384 831 τὴς
402 773 482 832 χάριτος
501 776 657 834 προσγινομένης
678 782 720 827 τοῖς
741 774 764 819 τό

51 842 151 901 βάπτισμα
166 842 278 900 εἰληφόσιν·
301 847 318 888 εί
336 844 375 904 γιλρ
393 844 417 902 δὴ
436 850 496 890 τοῦτο
510 848 599 903 γίνεσθαι
615 847 678 899 οὕτως
692 846 791 899 καλόν,ιν

50 914 130 974 περιττὴ
150 918 204 960 παῖσα
222 913 235 973 ὴ
253 918 364 973 νομοθεσία
381 921 418 961 τοιῖ
433 916 530 973 Παόλου,
553 918 715 977 συγχωρήσαντος
731 919 764 963 καί

50 986 86 1031 τόν
101 986 155 1039 ὅπως
168 986 216 1031 ποτέ
230 986 331 1044 βιώσαντα
345 989 480 1046 βαπτισθέντα
495 988 558 1042 εόθός
573 993 600 1042 είς
614 994 688 1048 κλὴρον
702 989 763 1046 λέγειν,

52 1057 100 1116 ὅπερ
122 1057 257 1116 ἀπηγόρευται
276 1058 312 1116 μέν
330 1058 385 1117 παρίι
404 1064 432 1121 τρῖ
453 1059 529 1122 Παύλῳ
549 1061 663 1121 βουλομένῳ
683 1060 720 1105 τόν
738 1063 765 1112 είς

52 1129 161 1188 ἐπισκοπὴν
176 1128 276 1187 ἀγόμενον
290 1133 401 1189 μαρτυρίαν
415 1132 460 1176 τινοί
474 1135 508 1189 τὴς
523 1132 605 1177 ἐαυτοιῖ
617 1131 765 1192 καλοκάγαθίας

52 1200 143 1247 ἀπὸτοῦ
158 1200 295 1260 παρελθόντος
310 1201 419 1259 ἐπάγεσθαι
433 1206 487 1261 βίου,
508 1203 553 1261 ὴτοι
566 1202 652 1256 πάντοτε
669 1201 790 1260 γεγονόταιτ

51 1277 154 1326 τοιοῦτον,
169 1272 183 1331 ὴ
197 1275 312 1335 μεταμελείρι
321 1278 372 1331 γοῦν
385 1274 522 1333 δεικνύμενον,
538 1275 568 1320 ότι
583 1271 662 1334 δὴάπό
677 1278 714 1319 τοό
728 1276 765 1332 χεί-

51 1364 112 1403 ρονος
127 1346 156 1391 ἐπὶ
171 1344 207 1390 τόν
221 1348 324 1400 κρείττονα
339 1346 459 1405 μετελὴλυθε
473 1350 525 1405 βίον,
546 1346 605 1392 όκαλ
619 1347 701 1405 ἀμεινον
716 1345 765 1390 είσό-

52 1409 105 1476 μεθα
120 1417 158 1462 ἀπό
173 1421 213 1462 τῶν
228 1417 280 1476 έξὴς
301 1420 376 1476 γίνεται
390 1418 411 1464 δέ
425 1418 479 1478 παροί
494 1424 575 1471 πολλοῖς
589 1420 643 1475 νυνί,
659 1417 686 1471 δίς
699 1435 718 1463 τι
732 1419 766 1463 καί

52 1490 144 1548 μέγιστον
158 1489 335 1547 διαπραττομένοις
348 1489 417 1535 καλόν.

97 1561 124 1607 Τό
140 1557 177 1607 οὖν
193 1564 240 1619 μιοῖς
253 1560 349 1618 γυναικός
364 1561 428 1619 ἀνδρα
446 1562 497 1614 τινές
512 1562 564 1607 οὕτω
585 1562 687 1621 ἐξέλαβον,
710 1561 792 1607 ὃκαίεο

53 1634 113 1690 ἐγωγε
127 1638 203 1691 μᾶλλον
218 1632 292 1690 ἀληθές
306 1632 358 1677 εἶναι
372 1636 479 1690 πείθομαι,
501 1633 567 1691 ἐπειδὴ
585 1632 629 1678 τότε
648 1634 718 1678 πολλοί
731 1633 768 1689 μὲν

52 1704 103 1751 κατόι
121 1704 196 1751 ταότόν
216 1704 254 1750 δόο
273 1707 371 1763 νομίμους
392 1704 445 1764 εἶχον
465 1712 571 1763 γυναῖκας,
595 1704 607 1751 ό
624 1706 656 1751 καί
674 1703 713 1749 ἀπό
731 1708 768 1750 τοῦ

53 1782 167 1822 Μωσαίκοιῖ
176 1776 242 1834 νόμον
251 1783 316 1821 ποιεῖν
327 1776 395 1829 αὐτοῖς
405 1778 545 1834 ἐπετέτραπτο·
561 1779 631 1822 πολλοί
646 1777 668 1822 δέ
681 1779 767 1834 νομίμην

54 1849 130 1907 ἔχοντες
144 1851 203 1905 μίαν,
218 1847 281 1906 ταότγ
296 1849 332 1905 μέν
347 1847 384 1893 οὐκ
398 1848 508 1906 ἠρκοῦντο,
530 1849 632 1906 ἐκέχρηντο
647 1848 668 1893 δέ
682 1850 715 1893 καί
729 1847 768 1892 ἐτέ-

54 1939 98 1978 ραις
113 1920 157 1978 ὴτοι
171 1922 284 1971 παιδίσκαις
297 1920 381 1975 έαυτοῖν,
395 1919 410 1977 ὴ
424 1922 457 1964 καλ
471 1923 498 1971 είς
512 1919 548 1972 τοῖς
562 1920 661 1977 τυχοόσας
675 1919 794 1972 πολλόκιςκε

54 1991 117 2046 ἀδεῶς
133 1990 289 2050 ἀμαριάνοντες,
306 1990 317 2036 ό
330 1992 364 2036 καί
378 1990 434 2050 μέχρι
447 1995 482 2049 τὴς
497 1994 556 2050 δειῖρο
571 1994 646 2049 γίνεται
660 1990 715 2050 παρόι
729 1995 769 2036 τοῖν

54 2065 91 2111 οὐκ
106 2064 251 2123 ἐπιμελομένων
266 2063 404 2122 σωφροσύνης.
436 2067 500 2108 Τοιῖτο
523 2063 624 2122 εἰρηκέναι
634 2063 670 2108 τόν
685 2066 769 2107 Παῦλον

53 2138 142 2196 ἐφησαν,
159 2136 208 2181 ὥστε
222 2136 258 2181 τόν
272 2140 364 2180 τοιοῦτον
378 2138 406 2188 είς
420 2135 457 2194 τὴν
472 2135 581 2194 ἐπισκοπὴν
595 2136 729 2194 παράγεσθαι,
746 2134 768 2187 ὃς

53 2209 177 2268 ἀγαγόμενος
195 2215 281 2266 γυναῖκα
299 2206 409 2266 σωφρόνως
429 2209 475 2265 ἐβίω
495 2207 542 2265 μεταλ
562 2207 644 2265 ταότης,
666 2206 768 2265 προσέχων

53 2280 104 2340 αὐτῇ
118 2282 151 2325 καί
165 2279 232 2339 μέχρις
247 2279 309 2337 αὐτῆς
328 2277 399 2337 ὁρίζων
416 2282 450 2337 τὴς
464 2278 544 2336 φόσεως
558 2278 594 2337 τὴν
613 2278 687 2334 όρέξιν,
710 2275 737 2328 είς
751 2280 794 2325 sian

52 2370 82 2405 τις
101 2352 153 2398 οὕτω
174 2351 245 2410 ζὴσας,
268 2350 376 2409 ἀποβαλων
396 2350 432 2409 τὴν
452 2350 551 2409 προτέραν
567 2353 655 2407 νομίμως
674 2346 768 2405 ἀγόγοιτο

53 2425 157 2482 δευτέραν,
179 2424 215 2470 τόν
234 2423 297 2469 αὐτόν
317 2422 341 2481 δὴ
359 2422 434 2478 τρόπον
452 2421 509 2480 βιοός
528 2424 560 2466 καλ
574 2420 623 2479 μετόι
637 2418 719 2477 ταότης,
742 2419 768 2478 μὴ

54 2500 155 2557 είργεσθαι
166 2496 228 2543 αὐτόν
238 2496 288 2543 καιιλ
302 2495 338 2555 τὴν
352 2499 389 2541 τοῦ
406 2493 490 2540 Παόλου
505 2496 628 2553 νομοθεσίαν
642 2496 677 2551 τὴς
692 2495 719 2546 είς
732 2491 769 2552 τὴν

54 2569 163 2627 ἐπισκοπὴν
178 2568 276 2627 παρόδου.
701 2575 702 2578 ’

98 2646 163 2688 Τοιῖτο
178 2645 272 2701 είρὴσθαι
286 2640 340 2698 παρά
351 2643 390 2697 τοῦ
406 2639 559 2699 μακαριωτάτον
574 2638 659 2684 Παόλου
676 2638 795 2696 νενοηκόη,

98 2764 113 2787 τ.
126 2755 171 2790 Gai:
183 2752 301 2799 βακτίζοντας.
317 2753 393 2795 scriptor
406 2751 472 2785 ridetur
484 2749 594 2796 βαπτίσαντες
604 2752 698 2794 scripsisse.
719 2758 732 2781 τ.
744 2749 768 2786 Gi,

53 2816 148 2850 Herodiani
165 2815 225 2859 fragm.
241 2816 259 2848 in
275 2815 294 2849 G.
307 2811 397 2847 Hermanni
410 2811 431 2844 δε
443 2812 508 2845 emend.
520 2812 585 2844 rarione
597 2822 621 2854 gr.
633 2814 720 2854 grammat.
731 2810 741 2842 1.
753 2818 768 2850 ρ.

53 2876 84 2910 311
98 2887 110 2910 s.
136 2885 149 2911 ε.
163 2876 208 2911 Gai:
225 2871 351 2920 κρογινομένης,
377 2879 401 2907 ιι.
415 2872 457 2906 (λικε
471 2870 579 2917 βαπτίζοντα,
603 2862 768 2906 καθοδῑότιδεῑ.
