1773 3073
140 93 161 129 82
363 92 475 126 THEODORI
488 92 638 128 MOPSVESTENI

141 200 241 258 δυνάμεως
260 194 403 254 παρεχόμενος,
423 197 470 242 καθ’
489 198 515 256 ἣν
533 199 566 243 καί
586 201 695 258 διακρίνειν
710 197 812 242 ἐπίστασαι
831 197 854 241 τό

140 271 201 318 καλόν
215 266 255 314 ἀπό
269 270 306 312 τοῦ
320 269 423 326 χείρονος,
445 270 478 314 καί
493 271 593 325 αλρείσδαι
609 269 657 329 μετά
672 271 746 326 πολλῆς
761 266 772 313 δ
787 267 856 326 βούλει

140 344 189 401 δύυη
199 344 233 398 της
243 338 353 398 εάμαρείας,
383 343 409 386 Ec
423 341 459 399 μὲν
475 336 512 387 οάν
527 341 576 396 δεός
591 354 623 389 σοι
637 342 688 401 πρὸς
703 332 751 399 ὅπερ
762 341 856 399 ἐβούλετο

138 409 279 457 κατεσκεύασεν
293 410 330 470 την
345 402 417 472 φύσιν,
439 414 515 472 χαίρειν
532 408 558 472 ἦν
576 424 596 459 σε
615 413 691 473 ἀνάγκη
705 413 738 457 καὶ
752 414 780 473 τῷ
801 416 855 473 κακῷ

124 482 233 542 εγεγουότα
251 483 302 542 πρός
319 489 389 530 τοῦτο’
413 488 429 530 εί
447 485 469 531 δέ
487 484 561 543 λόγους
578 491 626 546 ποιῇ
644 489 689 543 περί
708 503 728 530 τε
746 488 809 529 καλοῦ
824 486 856 529 καί

137 559 200 601 αακού
220 558 347 614 διακρίσεως,
368 556 405 615 τίγν
419 561 460 602 των
475 555 555 602 ἀτόπων
570 559 664 616 ἐργασίαν
679 560 749 614 σαφῶς
767 556 857 613 αἰτιώμε-

138 646 181 684 νος,
197 626 281 685 εύδηλος
297 627 316 674 εί
328 629 380 689 πρὸς
393 633 454 675 τούτο
468 627 555 687 γεγονός
569 627 609 675 ύπδ
625 632 662 675 τού
677 632 738 681 δεού,
759 630 820 689 οίκείρι
836 628 857 674 δέ

137 699 206 760 γνώμη
226 699 249 746 τό
268 703 343 746 δοκοῦν
362 701 488 761 αἱρούμενος.
518 701 576 747 Οίίτω
590 701 638 754 τούς
652 702 696 761 περί
711 703 747 745 τοῦ
762 699 856 755 αὐτεξου-

139 775 184 817 σίου
198 771 303 830 γυμνάσας
316 772 398 831 λόγους,
414 774 465 832 λε’γει
479 775 512 819 καί
526 775 569 832 περί
584 778 624 820 τείν
639 776 676 819 είτε
690 774 793 832 τιμωρίαις
806 771 857 818 ύποέ

114 843 276 903 ιοβαλλομένων,
293 848 330 890 είτε
344 847 377 901 καί
393 847 414 891 ἐν
428 848 537 904 κρείττοσιν
552 845 696 903 ἐξεταζομένων
709 843 759 889 κατά
774 845 856 903 γναίμην

139 921 196 962 δεού.
687 952 689 958 ,

181 990 222 1043 IX,
238 994 334 1034 22-24.
359 990 405 1034 ’Ότι
426 990 452 1047 μὴ
472 989 558 1041 κάλλους
578 991 713 1046 ἐπιμελεῖσθαι
734 989 858 1034 ἐσπούδακεν

140 1060 232 1120 φράσεως
250 1061 283 1106 καί
298 1061 375 1114 ἐντοῖς
390 1059 497 1120 ἀνωτέροις
513 1059 628 1119 εἰρήκαμεν,
649 1061 682 1105 καί
697 1059 727 1105 ότι
742 1059 807 1105 πολλοί
822 1059 858 1118 μίν

140 1133 193 1177 ἐστιν
204 1131 268 1176 δκαύ
280 1132 366 1186 ἐλλειιγιυ
380 1132 442 1189 λέγει,
458 1130 543 1189 μάλιστα
558 1133 594 1189 μὲν
608 1136 632 1192 τῇ
646 1130 748 1191 ύκερβολβ
762 1136 797 1190 τῆς
812 1145 858 1177 συν-

116 1207 217 1263 ιετομίας,
233 1199 246 1263 ᾗ
260 1203 311 1249 κατά
325 1221 344 1248 τι
358 1207 432 1250 οίκείον
447 1206 518 1262 ἰδίωμα
532 1209 643 1263 κεχρῆσδαι
658 1205 706 1257 ἐδος
721 1203 788 1266 αύτβ,
811 1204 858 1250 ἀσά·

141 1296 200 1337 φειαν
220 1284 261 1330 τοῖς
280 1279 347 1335 ῥητοῖς
368 1276 497 1336 ἐνεργάζεται.
530 1282 615 1323 Τοιοῦτο
636 1276 660 1336 δη
680 1296 699 1322 τι
718 1278 751 1322 καὶ
772 1277 803 1322 ἐπί
824 1281 859 1336 της

141 1348 245 1409 παρούσης
260 1350 323 1394 ἐνεστι
337 1350 406 1404 λέξεως
421 1348 486 1408 εύρείν
500 1353 537 1394 τού
552 1347 677 1402 ἀποστόλου,
693 1351 709 1393 εί
724 1349 745 1393 δέ
755 1347 799 1393 ἀντί
815 1348 860 1394 όλο-

124 1425 209 1474 ’τελούς
229 1419 342 1473 τεδεικότος
361 1422 456 1473 διανοίας.
486 1421 558 1475 Λείξας
576 1419 615 1479 γάρ
633 1417 709 1471 αύτούς
728 1423 768 1463 τεόν
786 1433 859 1481 προση-

141 1495 219 1539 κόντωο
237 1492 274 1550 την
293 1491 401 1549 διάγνωσιν
421 1494 501 1551 ἐχουτας
516 1494 549 1537 καί
563 1493 585 1538 τό
601 1497 675 1538 δοκοῦν
691 1492 816 1549 δυναμένους
830 1496 858 1538 αί-

116 1572 232 1625 νορείσδαι,
254 1564 298 1608 ἀντί
316 1569 352 1608 τοῦ
371 1568 441 1617 είπείυ,
465 1568 481 1609 εί
500 1565 521 1609 δέ
535 1569 595 1609 τούτο
609 1563 710 1609 πυνδάυει
724 1567 779 1616 τίνος
793 1565 859 1610 ἐνεκεν

143 1637 206 1693 ὀλίγον
222 1636 258 1692 μὲν
272 1640 312 1679 τῶν
326 1641 397 1681 κακοῖν
407 1640 427 1681 οί
441 1639 497 1689 δίκας
507 1636 604 1691 διδόντες,
619 1641 659 1680 τοία
673 1641 749 1681 λοιπων
764 1637 786 1681 ἐν
800 1637 861 1695 εύδη-

142 1712 195 1762 νίαις
210 1707 361 1766 ἐξεταζομένων,
378 1708 441 1767 όλίγοι
452 1709 473 1754 δέ
482 1712 522 1754 τῶν
532 1707 616 1766 άγαδωυ
626 1706 729 1767 εύδόκιμοι
738 1707 788 1754 κατά
800 1708 859 1755 τόνδε

143 1783 233 1838 γίνονται
251 1779 287 1824 τόν
306 1783 361 1838 βίου,
382 1780 404 1825 τό
424 1781 445 1825 δέ
465 1786 557 1825 πλείστου
576 1781 642 1825 αὐτῶν
662 1779 744 1832 ούδενδς
763 1779 860 1826 ἀπολαύει

144 1852 195 1897 κατά
208 1869 230 1909 γε
244 1850 266 1896 τό
281 1851 347 1910 παρδυ
361 1851 454 1910 ἀγαδού,
469 1851 492 1897 τδ
508 1854 524 1897 εί
539 1852 560 1897 δέ
574 1853 650 1897 τίδεικε
665 1851 739 1910 μόνον,
756 1850 783 1904 είς
798 1853 824 1899 άν
839 1854 860 1898 ἐκ

119 1927 185 1971 εεταίν
199 1923 347 1980 προειρημένων
362 1924 424 1981 δήλου
439 1930 480 1976 τοις
496 1923 639 1981 ἐντυγχάνουσι
652 1928 689 1969 τού
703 1923 812 1981 ζητήματος
827 1925 860 1971 όν-

144 2013 189 2048 τος,
212 1993 304 2052 περιττόν
322 2013 339 2039 τι
359 1998 445 2053 νομίζων
465 1995 528 2041 αύτού
542 1995 579 2053 τὴν
595 1995 725 2053 ἐπανάληύιν.
755 1995 806 2042 Είτα
821 1998 862 2042 ἐπι-

145 2066 240 2113 συνάπτει
255 2071 291 2111 τοῦ
306 2066 414 2125 ζητήματος
428 2068 465 2125 τὴν
479 2066 547 2120 λύσιν,
563 2068 629 2112 δέλων
644 2066 655 2112 ὁ
670 2068 718 2121 θεὸς
733 2069 860 2124 ἐνδείξασθαι

144 2139 181 2198 την
196 2137 259 2199 ὀργὴν
273 2140 306 2184 καί
320 2138 345 2183 τά
360 2139 409 2198 ἐξης.
434 2138 462 2184 Ὃ
477 2139 498 2184 δε
512 2139 563 2197 λέγει
577 2138 669 2185 τοιοῦτόν
685 2140 746 2185 ἐστιν·
761 2139 797 2185 τόν
812 2158 861 2201 παρ-

145 2212 193 2258 όντα
215 2214 260 2270 βίον
275 2209 359 2269 ἀγόνων
374 2211 412 2257 ούκ
426 2210 578 2265 ἀνταποδόσειος
592 2211 644 2257 είυαι
658 2214 765 2271 πεποίηκεν
780 2210 790 2258 ό
805 2212 859 2268 δεδς,

120 2305 137 2332 ιο
145 2288 254 2343 συγχωρῶν
268 2285 301 2328 καί
314 2283 363 2337 τούς
378 2285 470 2342 φαύλους
484 2285 517 2329 καί
531 2282 579 2336 τούς
594 2282 686 2340 ἀγαθούς
695 2289 735 2329 τείν
746 2283 861 2343 ἀνθρώπων

146 2357 167 2401 ἐν
181 2373 201 2402 τε
216 2362 257 2409 τοῖς
271 2360 340 2409 καλοῖς
355 2357 389 2401 καί
402 2362 444 2409 τοῖς
462 2357 549 2414 χείροσιν
565 2353 689 2410 ἐξετάζεσθαι
708 2353 789 2413 ὁμοίως,
810 2357 861 2403 ἀ’ίστε

147 2427 234 2486 βάσανον
249 2426 321 2487 ἀκριβῆ
334 2432 369 2487 τῆς
384 2426 479 2474 ἀπάντων
493 2427 588 2485 γενέσθαι
602 2426 746 2486 προαιρέσεως,
768 2430 801 2474 καί
815 2428 862 2481 τούς

147 2500 182 2558 μέν
197 2498 288 2558 ἀγαδούς
303 2506 393 2560 φανῆναι
408 2501 497 2547 διαδόσει
511 2499 549 2559 την
564 2498 637 2559 ἀρετὴν
655 2497 768 2557 μετιόντας,
791 2500 817 2546 ὅτ’
837 2500 862 2546 ἀν

148 2572 170 2616 ἐν
185 2572 284 2630 ἐκατέραις
298 2576 334 2617 τού
349 2576 395 2631 βίον
408 2579 452 2626 ταῖς
466 2576 585 2631 μεταβολαῖς
599 2571 623 2616 τά
639 2571 698 2629 όμοια
715 2573 862 2631 ἐπιτηδεύοντες

122 2668 140 2695 35
148 2646 267 2701 φαίνωνται,
283 2644 329 2690 ούτε
340 2645 361 2691 ἐν
371 2644 475 2705 εύδηνίαις
484 2643 617 2703 καυχώμενοι,
634 2643 679 2689 ούτε
694 2645 715 2690 ἐν
730 2647 862 2705 δυσπραγίαις

149 2719 301 2773 δυσανασχετεῖν
316 2717 481 2775 ἀναγκαζόμενοι,
503 2716 552 2770 τούς
566 2716 588 2761 δέ
601 2733 624 2773 γε
637 2716 712 2769 κακούς
729 2717 763 2763 διά
773 2718 861 2764 πάντων

195 2870 219 2895 ιε,
232 2862 284 2905 δρίος
298 2858 313 2906 η’.
