1773 3073
139 79 161 116 (iti
292 76 293 82 ¹
358 76 472 111 Tnnnnnnr.
481 75 631 112 MOPSVESTENI

140 184 268 244 ποιούμενος,
288 177 447 239 άντοπράττουσα
467 180 488 226 δὲ
508 178 519 239 ἡ
541 178 628 239 ἁμαρτία
645 182 673 243 τῷ
691 176 803 239 βουλήματι
820 181 856 237 της

142 262 206 315 ψυχῆς
219 252 258 298 διά
277 250 358 297 πάντων
372 249 399 303 ὡς
414 252 476 297 εἰπεῖν
490 256 531 297 τῶν
545 256 611 310 μελῶν
626 253 657 298 ἐπὶ
671 251 708 310 τὴν
722 250 794 308 ἑαυτῆς
808 256 856 308 μεθ-

141 330 190 375 ίλιιει
203 326 282 383 πράξω
309 324 430 378 Καίααλοῑς
444 322 509 369 εἶπεν·
530 324 552 370 ἐν
566 330 608 378 τοῖς
627 324 715 384 μέλεσιν,
735 321 811 381 ἐπειδη-
821 339 858 368 πο-

140 394 263 457 λάτροποςὴ
279 394 374 454 άμαρτία,
390 396 423 442 διά
437 396 519 442 πάντων
534 397 687 456 ἐπιτηδεύεσθαι
701 394 764 454 φάσιν
785 395 858 454 ἔχουσα

125 476 182 516 στάν
193 473 267 528 μελῶν·
282 467 307 513 τά
322 469 358 527 μὲν
372 469 411 529 χάρ
426 468 451 515 δι’
467 468 593 527 ὀφθαλμῶν,
609 469 633 514 τά
644 469 665 514 δὲ
675 467 709 514 διά
719 466 817 524 γλώττης,
832 466 857 512 τά

140 538 161 589 δὲ
180 541 250 599 ἑτέρως
269 539 417 600 ἁμαρτάνομεν.
452 540 559 599 Θαυμάσαι
580 540 601 587 δὲ
622 540 679 595 άξιον
699 541 789 585 ἐνταῦθα
809 536 857 592 τούς

140 611 310 670 διαπορήσαντας,
325 612 411 670 πότερον
424 620 476 670 τρεῖς
490 611 503 670 ἢ
518 612 613 667 τέσσαρας
627 610 704 667 νόμους
719 610 729 655 ὁ
745 609 857 662 ἀπόστολος

141 682 232 742 βοάλεται
247 681 321 740 λέγειν,
337 681 398 742 δήλης
408 682 469 742 οίίσης
479 684 511 730 παὶ
522 680 625 729 άπολάτου
634 687 670 741 τῆς
680 684 776 734 διανοίας.
792 708 793 711 ¹
805 680 858 727 Ἀντί

140 755 179 815 χάρ
198 758 235 801 τοῦ
255 757 317 801 εἰπεῖν
335 755 372 814 τὴν
394 754 493 814 ἁμαρτίαν
514 755 578 820 νάμμν
598 754 652 801 εἶπεν
671 753 776 813 άμαρτίας,
799 753 860 800 οὐδὲν

116 827 270 885 ιοάλλοιάτερον
284 827 359 886 λίχων,
379 827 430 874 νατά
444 847 462 874 τι
478 830 499 875 δὲ
514 828 563 874 αὐτὸ
579 831 653 874 οίαείον
667 826 859 884 τεθειιιάς,,ίδίωμα·

142 901 195 947 οίίτω
211 901 245 946 ani
263 901 285 946 ἐν
301 906 343 953 τοῖς
362 899 454 955 ἀνωτέρω
471 901 523 958 λέχει
538 900 568 946 ὅτι
583 900 616 945 διά
630 899 695 957 νόμον
708 901 807 951 πίστεως,
827 900 861 943 παλ

142 973 191 1032 μετά
205 972 279 1032 βραχέα
294 972 326 1017 δὲ·
348 971 359 1018 δ
374 972 413 1030 χάρ
427 971 490 1030 νόμος
504 976 540 1017 τοῦ
555 970 668 1030 πνεύματος
681 975 716 1029 τῆς
734 974 794 1028 ζωῆς,
816 969 859 1016 aad

142 1050 179 1091 ami
195 1044 293 1090 adactam
308 1049 387 1102 πνεῦμα
401 1049 436 1103 τῆς
451 1049 506 1103 ζωῆς.
534 1043 613 1102 Ἐπειδὴ
628 1042 667 1101 χάρ
682 1043 756 1097 σαοπάς
772 1043 812 1087 ἐστι
827 1041 861 1089 νά-

143 1135 183 1175 μου
192 1115 268 1167 παντὸς
277 1118 339 1170 ίδιος,
356 1115 386 1172 ἐφ’
397 1114 482 1161 ἑκάστου
492 1115 514 1160 τδ
524 1120 561 1161 τοῦ
570 1116 636 1173 νόμον
645 1117 779 1172 προστίθησιν
789 1115 860 1173 ὄνομα,

117 1192 177 1236 ratae
195 1191 239 1246 είπη
258 1186 295 1232 τδν
313 1186 389 1232 cicada
408 1190 445 1232 τοῦ
464 1185 592 1247 πράγματος,
614 1188 658 1245 περὶ
678 1181 740 1247 οὗπερ
760 1185 786 1233 da
801 1186 861 1246 λέχη,

145 1260 194 1307 αὐτὸ
209 1258 231 1306 ad
246 1257 327 1317 πράημα
342 1260 375 1304 ναί
390 1258 427 1317 οάχ
442 1259 510 1318 ἕτερον
525 1260 594 1316 λέγων.

185 1333 231 1382 in.
246 1337 279 1377 λλ.
309 1329 416 1390 (θεωρήσας
430 1335 458 1393 api
473 1330 552 1393 νηλτδν
567 1330 601 1376 διά
614 1335 652 1376 τοῦ
666 1331 757 1389 σωματος
767 1331 817 1377 αατά
827 1334 862 1389 τῆς

145 1408 209 1463 ψυχῆς
223 1401 333 1461 χευάμενον
347 1401 435 1460 πόλεμον
449 1404 482 1448 ναί
497 1402 521 1448 δι’
537 1402 601 1448 αὐτοῦ
615 1402 652 1448 τὸν
666 1403 778 1461 άνθρωπον
792 1406 863 1461 αἰχμα-

146 1475 289 1533 λωτιζδμευον,
308 1474 428 1533 ααταιμυχην
443 1477 540 1533 σωτηρίας
555 1480 607 1533 ζητεῖ
620 1475 652 1519 aci
666 1474 703 1521 τὸν
717 1474 818 1533 ῥυόμενον
832 1491 864 1520 πε-

121 1548 269 1606 εοριβλὲπεται,
288 1548 322 1590 ίνα
342 1545 392 1591 adad
411 1545 434 1591 τδ
454 1551 510 1605 σῶμα
529 1551 566 1592 τοῦ
584 1546 677 1593 θανάτου
696 1549 723 1600 εἰς
742 1551 798 1605 σῶμα
815 1552 864 1605 ζωῆς

149 1617 282 1679 μεταποιηση
298 1616 339 1664 εἶτα
350 1615 377 1670 dc
392 1616 509 1677 εὑρεθέντος
523 1623 559 1664 τοῦ
574 1618 675 1677 ῥυομένου
689 1620 722 1665 aad
737 1619 817 1677 ἑτοίμου
832 1619 865 1664 άν-

148 1711 183 1745 τος
197 1690 248 1750 πρὸς
261 1691 298 1750 τὴν
313 1691 371 1750 χάριν
385 1696 420 1750 τῆς
435 1693 541 1750 σωτηρίας,
556 1690 593 1749 τὴν
607 1691 724 1751 πρέπουσαν
739 1692 865 1751 εὐχαριστίαν

152 1810 156 1815 ’
195 1836 208 1861 a·
221 1827 241 1860 V.
258 1824 292 1859 Καί
308 1825 363 1867 καλῶς
377 1827 410 1860 κτλ.
427 1828 497 1869 praebet
513 1827 564 1860 etiam
576 1837 590 1860 ο.
602 1829 668 1863 Monac,
687 1825 711 1873 (a.
725 1827 779 1862 Cram.
793 1839 808 1871 p.
821 1827 867 1871 202.)

150 1888 181 1919 sub
193 1888 261 1921 nominc
272 1888 303 1919 Th.
315 1888 400 1920 monachi.
419 1894 434 1920 a.
447 1888 465 1919 V.
479 1884 569 1929 Θαυμάσαι
582 1908 596 1914 -
609 1908 624 1914 -
635 1898 650 1920 τ.
662 1885 739 1926 διανοίας
751 1897 784 1922 cm.
796 1898 811 1921 ο.
822 1889 868 1923 aron.

152 1954 165 1978 7.
179 1947 203 1979 Cf.
216 1946 332 1986 Expositioncs
344 1947 422 1987 antiquae
433 1963 449 1970 —
461 1948 482 1979 ab
495 1946 597 1979 Oecnmenia
610 1951 627 1980 et
635 1948 698 1979 Aratha
708 1948 793 1979 collectae.
805 1948 868 1980 Veron.

151 2007 198 2039 t532.
211 2005 223 2039 ί.
235 2016 251 2048 p.
264 2003 296 2039 305
308 2016 320 2038 s.
337 2011 353 2040 et
370 2008 441 2039 maxime
458 2016 500 2049 quae
518 2007 585 2040 disserit
601 2007 698 2041 Methodins
711 2007 728 2039 in
740 2011 771 2040 eat
784 2007 840 2041 Ciam.
852 2017 868 2050 p.

150 2066 183 2098 20'4
195 2076 217 2099 ss.
243 2062 476 2101 a,n.ndon.:'Aadat-.
500 2061 788 2109 11],13.1]τοω.;είπενάμαρτίαν.
813 2066 869 2100 aad).

150 2127 206 2161 Mon:
221 2119 305 2168 ἁμαρτίας
316 2121 361 2159 κατά
372 2137 388 2158 τι
400 2124 431 2160 cia.
443 2123 515 2169 ἰδίωμα
528 2119 573 2159 eiiam
589 2145 617 2158 -.
641 2126 663 2158 ib.
676 2126 692 2160 G·
705 2126 760 2161 Mam:
779 2122 831 2170 ίλεχεν
843 2120 869 2160 ὅτι

151 2185 189 2224 διὰ,
202 2186 246 2229 Spin.
259 2189 276 2219 et
288 2196 303 2219 e.
317 2186 381 2219 eram:
393 2180 495 2229 λέχειάδιά,
519 2186 541 2218 ih.
555 2186 574 2228 3,
587 2185 613 2218 27.
638 2193 663 2217 12.
677 2186 694 2219 G.
707 2187 761 2222 Mon:
773 2185 802 2220 καί
810 2184 869 2221 πάλιν·

151 2242 225 2290 δνάμος.
244 2247 320 2288 insa,
339 2254 364 2278 aa.
378 2247 396 2279 V.
406 2242 466 2279 άντί-
477 2245 520 2288 ζωῆς
528 2256 561 2279 om.
571 2255 585 2278 c.
594 2246 640 2281 Men.
659 2246 807 2288 aa.Spic.e.Cr.:
820 2244 869 2285 ἰδίας,

153 2314 178 2339 aa.
191 2308 208 2341 G.
220 2307 252 2340 aa:
264 2304 302 2350 είπη
310 2305 348 2350 περὶ
357 2297 377 2339 οδ
386 2299 406 2339 da
414 2302 453 2350 λέχη
461 2302 559 2349 πράγματος
567 2304 597 2339 τὸν
605 2302 676 2348 στόνον,
690 2302 733 2340 αὐτὸ
745 2327 757 2331 -
767 2330 771 2339 .
796 2316 820 2341 17.
833 2307 870 2341 Ηοο

152 2366 264 2409 fragmentum
276 2366 293 2398 in
306 2370 338 2400 cat.
350 2366 404 2400 Cram.
417 2377 433 2408 p.
449 2366 479 2397 117
492 2365 563 2407 degitur,
580 2365 677 2406 praemissis
689 2375 705 2399 v.
721 2366 828 2411 Σευηριανοῦ
842 2364 871 2399 καί

154 2423 253 2467 &sodomam
266 2435 280 2458 ο.
289 2425 334 2459 aton.
344 2426 366 2458 ib.
378 2435 394 2468 p.
407 2426 439 2458 ς2118
447 2425 530 2458 adscribit
538 2425 636 2458 Severiano.
659 2424 756 2468 severiani,
769 2425 871 2460 Gabalerum

154 2493 180 2526 ep.
188 2489 204 2518 et
212 2485 301 2519 Theodoro
314 2486 397 2529 aequatis,
410 2488 462 2520 muita
473 2487 490 2519 in
503 2487 567 2519 eatenis
580 2486 673 2528 fragmenta
686 2487 769 2527 exegetica
781 2488 871 2529 habentur,

154 2553 196 2586 quae
208 2546 235 2588 qni
248 2547 321 2579 excutiat
333 2547 398 2586 videat,
415 2557 491 2590 nequae
504 2547 562 2580 Severi
575 2551 613 2579 sunt
626 2545 717 2578 Severiano
730 2549 793 2580 tribnat
805 2552 821 2582 et
833 2549 870 2581 rice

156 2613 213 2647 versa,
226 2614 263 2638 nam
275 2607 361 2640 severiani
374 2612 391 2641 et
403 2609 460 2642 Severi
474 2608 560 2651 acephali,
572 2606 637 2639 strenui
650 2606 718 2639 concilii
730 2607 871 2642 Chalcedonensis

155 2665 247 2698 adversarii
259 2668 327 2701 nomina
339 2669 356 2701 in
369 2671 432 2703 catenis
445 2670 543 2712 saepissime
560 2667 690 2702 contunduntur.
714 2669 802 2702 severiani
819 2669 871 2703 homi-

155 2724 187 2758 lias
199 2725 228 2758 XV
241 2727 335 2761 armeniace
344 2732 360 2762 et
368 2728 420 2762 latine
428 2730 501 2771 primum
509 2729 562 2762 edidit
571 2729 583 2761 Ι.
593 2728 639 2770 Bapt.
648 2727 724 2767 Ancher,
737 2730 811 2763 Venetiis
823 2729 871 2763 1827.

156 2785 171 2819 8.
187 2806 202 2812 -
218 2784 235 2818 C¹
247 2786 301 2820 noa:
314 2786 368 2832 Θεωρ.
380 2787 442 2823 τοίνυν.
467 2799 491 2825 aa.
504 2790 521 2824 C.
534 2789 593 2823 nodi:
605 2784 698 2832 ηινάμευον.
725 2797 748 2825 aa.
761 2790 778 2824 C.
790 2792 824 2826 aa:
837 2790 871 2834 ζητ.

148 2842 256 2890 4ιιαταηινηὴν
269 2855 307 2879 aaa.
330 2856 356 2882 aa.
368 2850 386 2882 V.
398 2848 427 2892 τῆς
439 2858 477 2884 aaa.
489 2859 523 2883 om.
536 2859 549 2884 e.
561 2849 584 2882 λλ.
