1723 3073
237 105 259 138 ια
272 105 397 140 τειοεοιοω
409 105 438 138 ου
450 103 560 139 ιιοιιιιιοε.
736 96 755 132 51

40 219 83 252 στιν
102 205 223 259 δικαιώσεως
243 208 292 253 ἁνευ
309 209 372 268 ἐργων
390 207 455 267 νόμον
473 210 542 256 πάντα
559 207 671 266 ύίνθρωπον
686 209 760 263 βουλη-

30 278 102 325 ’θέντα
117 279 209 337 μετέχειν.
239 281 365 337 Σημειωτὲου
383 282 405 327 δέ
424 281 450 334 ὡς
469 282 506 340 οὐχ
524 280 591 332 ἁπλῶς
611 278 676 339 είπεη“
699 277 759 335 χωρίς

41 351 105 408 ἐργωυ
119 351 193 408 νόμον,
208 349 235 403 αἱς
249 351 275 397 ἁν
290 355 307 398 εί
320 354 354 398 καί
369 347 500 413 ἐργαζοίμεθα
515 352 585 410 ἁρειης
600 349 759 409 ἐπιμελούμενοι,

43 422 83 468 ούκ
100 421 183 483 ἁνὰγκη
198 422 263 482 νόμον
282 428 343 470 τοῦτο
361 424 484 477 ποιούντων,
505 423 545 471 ἁλλ’
565 422 600 482 ὑφ’
621 423 690 482 ἐτέρου
708 420 760 477 πρὸς

40 500 100 540 τοῦτο
116 494 226 552 ιἰγομένωυ.
610 526 612 528 .
778 505 786 533 ε

83 567 124 623 ΙΙΙ,
140 572 172 612 30.
200 565 243 612 Ἐπὶ
257 570 299 612 των
311 566 415 613 Ἰουδαίων
429 567 461 612 τδ·
478 568 499 612 ἐκ
512 571 602 622 πίστεως,
618 567 717 617 τέθεικεν,
732 564 759 617 ὡς

42 638 68 683 δν
83 636 168 695 ἐχόντων
183 637 219 696 μὲν
233 639 265 682 καὶ
280 637 347 697 ἐτέρας
362 637 457 697 ἁγορμὰς
470 637 521 696 πρὸς
534 641 647 702 δικαίωσιν,
664 636 688 683 ού
699 640 759 683 δυνα-

42 710 115 769 μένων,
128 710 150 755 δέ
169 710 230 769 αὐτῆς
250 712 337 769 μετέχειν
350 710 409 768 πλὴν
429 710 450 755 ἐκ
470 714 504 768 τῆς
522 712 615 763 πίστεως·
638 711 669 755 ἐπὶ
684 710 705 755 δέ
719 714 760 754 των

40 782 151 840 Ἑλλήνων·
168 783 201 828 διίι
215 787 250 840 τῆς
264 786 353 835 πίστεως.

83 855 120 911 lv,
136 860 147 901 8
163 871 178 900 s.
210 853 370 914 (θαυμασιώτατα
389 854 410 900 δέ
430 853 466 909 τὰς
486 856 595 914 μαρτυρίας
616 854 786 913 σννίκροοσεν,ιο

43 929 74 972 ἐπὶ
88 927 125 985 μὲν
139 932 174 986 της
187 930 271 979 πίστεως
277 942 284 989 ’ἢ
303 928 337 973 καί
351 928 446 986 ἐλογίσθη
461 926 515 989 αύτῷ
530 929 557 980 είς
572 926 712 985 δικαιοσύνην,
728 928 760 972 ἐπὶ

43 1000 65 1046 δέ
83 1003 124 1045 των
144 1000 215 1058 ἔργοιο·
235 1000 268 1044 καί
281 994 312 1044 ὀύ
331 998 358 1057 μὴ
378 996 480 1056 λογίσηται
493 997 563 1056 κύριος
577 997 681 1056 ἁμαρτίαν,
709 998 762 1043 Ἐκεῖ

43 1075 94 1128 γούν
108 1070 190 1129 ἤρκεσεν
204 1068 216 1128 ἡ
231 1073 305 1124 πίστις,
320 1069 369 1115 δίστε
384 1074 504 1128 λογισθῆναι
518 1068 573 1131 αύτῷ
587 1072 615 1122 είς
624 1068 760 1127 δικαιοσύνην,

44 1143 138 1188 ἐνταῦθα·
152 1142 173 1187 δὲ
187 1141 211 1186 τὰ
227 1142 275 1199 ἐργα
289 1143 321 1186 καί
336 1140 387 1198 πρὸς
400 1140 423 1186 τὸ
439 1141 530 1186 ἐναντίον
544 1140 629 1200 ῥέποντα
644 1140 669 1186 ού
688 1144 761 1198 λογίζε-
820 1133 822 1136 ”

44 1233 86 1270 ται,
109 1214 158 1259 ὅταν
178 1212 189 1272 ἦ
208 1219 245 1259 τού
263 1218 314 1259 θεοῦ
329 1216 472 1272 φιλανθρωπία
486 1217 525 1258 τῶν
539 1212 651 1270 γεγονότων
671 1213 787 1272 οἱνωτέραιε

44 1289 145 1344 φαίνηται,

87 1357 124 1410 IV,
143 1364 173 1402 11.
203 1360 240 1409 Είς
257 1355 280 1401 τὸ
299 1355 351 1402 εἶναι
366 1356 429 1402 αύτδν
443 1356 519 1414 πατέρα
533 1353 614 1402 πὰντων
628 1362 668 1403 τῶν
685 1370 762 1404 πιστευ-

45 1430 109 1475 όντων
126 1429 177 1475 κατὰ
195 1429 218 1474 τδ
233 1432 307 1475 οίκελον
327 1431 399 1487 ἰδίωμα
413 1427 520 1474 κὰυταύθα
534 1427 589 1473 εἶπεν
603 1428 630 1482 οδς
644 1430 675 1474 τὸ·
697 1432 724 1482 είς
741 1430 764 1475 τὸ

44 1500 96 1547 εἶναι
111 1500 186 1554 αύτούς
200 1500 375 1559 ἀναπολογήτους
390 1501 447 1559 ’λέγει
460 1500 499 1559 γὰρ
515 1500 536 1545 τὸ
550 1500 664 1559 ’ἀναγκαίως
678 1508 719 1555 τοῖς
733 1520 765 1560 γε·

44 1573 126 1632 γονύσιν
141 1573 245 1632 ἑπόμενον.
273 1572 379 1619 Ἐντεῦθεν
394 1574 452 1632 φησί·
467 1572 535 1627 κοινύς
551 1574 603 1619 ἐστιν
619 1573 713 1620 ἁπάντων
728 1591 791 1620 ιτα-ιο

44 1645 91 1706 τηρ,
107 1646 188 1692 ἐπειδὰν
202 1646 238 1704 τὴν
252 1645 303 1702 πρὸς
318 1644 380 1691 αύτδν
395 1643 503 1704 ὁμοιότητα
517 1649 552 1703 τῆς
566 1648 649 1699 πίστεως
664 1647 764 1701 δέξωνται.

85 1716 113 1770 V,
131 1724 163 1764 13.
192 1717 298 1778 Ούδὲγὰρ
313 1716 324 1763 ὁ
341 1717 403 1776 νύμος
424 1717 545 1763 ἐπεισελθύν
565 1731 624 1777 φησι,
645 1720 682 1778 την
702 1717 766 1779 ἁμαρ·

44 1793 89 1844 τίαν
108 1792 186 1846 ἐλυσεν,
208 1790 249 1836 ἁλλ’
268 1790 324 1849 ίίχρις
341 1786 368 1848 ἦν
386 1808 407 1835 τε
426 1788 437 1835 ὁ
455 1789 517 1847 νύμος
535 1792 569 1852 καί
587 1790 711 1836 ἐπολιτεύετο
732 1794 765 1836 καὶ

46 1860 122 1921 ἐκρὰτει
135 1862 190 1923 παρὰ
204 1868 246 1915 τοῖς
261 1860 387 1921 ἀνθρώποις,
409 1860 507 1921 ἐλιίμβανε
526 1865 560 1907 καί
579 1863 604 1909 τὰ
618 1867 654 1919 τῆς
669 1862 766 1921 ἁμαρτίας

45 1932 175 1993 προσθήκην,
196 1932 256 1980 ούδέν
273 1930 324 1992 πρδς
343 1938 403 1980 τούτο
417 1938 452 1993 τῆς
466 1938 502 1981 τοῦ
516 1932 582 1993 νόμον
596 1935 792 1997 θίσεωςσυμβα-ατ

46 2008 117 2053 λέσθαι
132 2011 252 2067 δυνηθείσης
267 2007 340 2062 αύτοίς.
370 2009 409 2053 Καὶ
424 2008 478 2067 πρὸς
490 2008 593 2064 ἁπύδειξιν
607 2014 644 2055 τού
663 2010 766 2069 προκειμέ-

45 2097 84 2125 νου
100 2079 180 2137 ἐπὰγει·
196 2079 283 2137 ἁμαρτία
298 2081 319 2124 δέ
334 2079 372 2125 ούκ
387 2081 494 2138 ἐλλογεῖται
508 2080 535 2139 μὴ
551 2081 609 2134 ὄντος
623 2080 695 2140 νόμον.
729 2086 764 2126 Το-

46 2157 120 2198 σούτον
134 2152 173 2210 γὰρ
189 2151 268 2210 ἀπεῖχεν
283 2151 293 2198 ἁ
308 2151 382 2209 νόμος,
399 2153 459 2210 φησί,
473 2157 510 2198 κού
525 2152 562 2211 τὴν
572 2149 672 2212 ἁμαρτίαν
681 2153 764 2205 ἀνελεῖν,

46 2224 95 2270 ὥστε
111 2221 300 2282 ούδῗὰνγένοιτο
320 2222 415 2282 ἁμαρτία,
437 2227 454 2269 εί
473 2224 500 2284 μη
515 2223 578 2283 νύμος
592 2228 627 2284 είη.
657 2224 729 2283 Νύμον
743 2225 765 2269 δέ

46 2301 84 2356 νύν
98 2302 155 2342 καλεί
166 2295 204 2354 τὴν
217 2295 288 2355 ἥντινα
303 2296 376 2356 δηποτε
391 2296 501 2355 διὰκρισιν,
517 2300 554 2342 εἴτε
569 2296 609 2342 ἁπδ
624 2296 711 2355 φύσεως,
727 2299 807 2345 εἴκειν

46 2368 86 2415 ἁπδ
105 2369 180 2421 θέσεως
200 2369 339 2427 ἐγγενομένην·
361 2368 387 2427 μὴ
406 2368 452 2427 γὰρ
465 2368 526 2425 ούσης
544 2374 577 2427 τῆς
595 2372 710 2425 διακρίσεως
728 2368 766 2415 ούκ

46 2440 72 2487 ἁν
92 2459 121 2495 τις
139 2442 216 2499 λέγοιτο
235 2440 357 2500 ἁμαρτνίνειν
372 2440 479 2501 ἁμαρτίαν,
502 2443 519 2485 εί
533 2440 558 2499 δη
574 2439 585 2486 ὁ
599 2440 622 2486 τύ
641 2440 766 2500 φαινόμενον

94 2585 109 2611 ο.
122 2577 188 2619 δμωαί,
202 2587 216 2610 ο,
229 2578 283 2611 Cram.
296 2588 312 2620 p.
324 2577 350 2611 ⁸25,
375 2585 389 2611 ε.
403 2579 421 2610 V.
430 2576 460 2621 τῆς
468 2576 485 2609 in
494 2576 551 2619 spicil.
560 2577 604 2610 male
616 2577 667 2612 deest.
692 2587 716 2612 ιο.
730 2581 767 2622 spi-

47 2640 83 2682 οίλ,,
97 2649 110 2672 ο.
124 2638 178 2672 Cram-
191 2638 246 2680 μλθ,
271 2645 296 2673 12.
309 2638 326 2672 C.
339 2638 404 2671 eram:
422 2636 509 2680 λογίσεται.
537 2644 563 2671 1³,
576 2637 594 2671 C.
607 2638 672 2673 cram:
690 2636 767 2684 ἐκεῖγύιρ

46 2693 109 2742 ἤρεσεν,
139 2694 198 2731 ιι.τὰ
213 2707 245 2730 om.
263 2698 279 2730 in
296 2697 341 2740 Spin.
372 2703 397 2730 ιε.
411 2695 428 2729 G.
444 2697 510 2730 cram:
528 2695 613 2741 φαίνεται.
643 2701 736 2743 17.Spic.‚
752 2711 766 2735 α,

47 2758 102 2792 Gram.
113 2769 130 2802 p.
142 2759 169 2791 λθ.
193 2763 218 2790 ιο,
232 2757 289 2796 1,λοι
312 2757 410 2799 ειὸρίαι
428 2754 521 2799 δείξαντα.
546 2757 638 2801 mmo„
657 2771 671 2795 ο.
684 2761 738 2796 cram.
751 2773 766 2806 p.

46 2819 73 2854 45.
98 2826 123 2853 τε,
136 2815 332 2863 θρίαιεομβαλλέοθαι.
358 2825 383 2851 ³2.
391 2818 410 2852 V.-
419 2812 524 2862 ἁμαρτιίνειν
532 2828 565 2853 om.
573 2819 591 2852 in
600 2820 657 2863 Spicil.
681 2822 703 2857 ίλι,
711 2823 766 2856 Libri:

47 2877 63 2913 εἰ
73 2876 100 2923 δέ,
116 2882 133 2913 ελ
148 2882 185 2922 post
200 2887 216 2911 vA
232 2876 294 2920 μετιών
309 2881 392 2912 commate
408 2879 524 2913 tantummodo
540 2871 666 2924 interpungun't*
689 2885 766 2917 Fortasse
