1723 3073
247 92 270 126 IN
282 89 542 127 ΕλἈΝ(ἷΕλ1[λλλΙΟΗΑΝΝ18.
739 82 761 119 39

40 196 74 248 τὸς
89 194 162 252 ὁμοίως
177 195 295 252 δυνάμενος.
318 196 362 240 Ἵνα
378 195 404 249 δέ
424 196 450 254 μη
470 200 539 254 σαφῶς
557 192 607 240 αῶτδ
622 191 684 238 είπῶν
699 189 761 235 ολσθε-

40 267 132 324 νέστερον
153 266 181 311 έτι
200 270 243 318 τοῖς
262 272 362 355 μαθηταῖς
380 267 519 356 διακειμένοις
531 265 643 318 αὐθαδείας
661 262 760 352 ολπεηέγιιη

39 340 76 398 την
91 338 162 394 δόξαν,
178 342 243 425 φιλῶν
257 337 296 426 γὰρ
308 338 365 397 δμας
380 352 430 399 φησι
444 338 455 385 ὁ
469 339 534 399 πατὴρ
549 338 600 397 δπέρ
614 342 650 396 της
664 336 710 394 περί
727 335 761 436 ἐμε

40 413 108 472 φιλίας
123 410 182 457 διέσει
197 409 263 455 πάντα
278 409 331 468 ὑμῖν.
429 462 431 464 ,

81 484 141 533 XVI,
157 488 190 528 30.
215 482 273 534 Ἴσως
292 482 315 527 δέ
332 486 392 527 τοῦτο
406 482 526 540 γνῶσονται,
548 483 578 528 ὅτι
599 479 690 541 ὁπατηρ
706 481 760 525 ἐστιν
779 494 787 521 τ

40 554 86 608 δέξ
102 553 166 599 αὐτοῦ
180 551 280 611 γεννησας
299 552 354 605 νλδν,
378 552 427 611 ὅπερ
445 553 549 599 οὐπώποτε
566 555 677 600 ἐνίσταντο.
704 550 759 597 Ἀλλ’

40 624 89 672 οὐδὲ
103 627 198 671 συνίεσαν
212 625 288 684 πατέρα
304 624 368 670 αὐτοῦ
382 623 433 669 τατδι
450 627 581 683 κηδεμονίαν,
603 628 717 684 νομίζοντες
734 622 761 676 ῶς

40 698 73 743 ααλ
87 701 127 742 τῶν
141 700 217 742 λοιπῶν
233 696 354 755 ολνθρῶπαν
364 695 446 752 ἐλέγετο.

81 769 161 824 XVIII,
177 775 203 814 29
219 786 244 815 ss.
276 771 302 814 Εἰ
316 768 353 826 μέν
368 768 446 821 έαυτολς
461 767 571 826 ἐπιτρέπετε
585 768 621 828 τὴν
633 771 708 827 κρίσιν,
725 767 761 814 αὐ-

40 842 71 887 τολ
89 842 122 886 ταὶ
140 839 178 898 τὴν
197 840 286 895 ἐξέτασιν
306 838 333 893 ῶς
352 839 463 899 βούλεσθε·
484 843 501 886 εί
520 841 541 887 δέ
561 840 592 887 ἐπ’
613 842 646 899 έμέ
661 839 787 899 βούλεσθειο

41 918 107 970 αρλναι
121 911 158 957 τδν
173 911 247 970 δένδρα,
262 911 300 970 τὴν
315 913 381 956 αἰτίαν
394 909 447 969 ὑμᾶς
462 913 523 956 εἰπεῖν
538 910 653 969 αναγκαῖον.

82 985 145 1035 XIX,
162 990 193 1028 17.
221 983 332 1040 Ένομίσθη
352 985 454 1039 διαφωνία
472 1001 502 1034 τις
523 982 575 1027 εἶναι
596 983 702 1044 κηλνταῶθέι
721 994 761 1027 τισι

41 1058 78 1099 τοῶ
92 1054 129 1111 μέν
143 1053 239 1100 Ἰτοῶυνου
253 1054 358 1111 λέγοντος,
378 1052 409 1099 δ’τι
427 1052 531 1111 βαστάζων
544 1054 581 1099 τὸν
595 1054 683 1113 σταυρὸν
697 1053 761 1099 αὐτοῦ

42 1128 122 1183 ἐξῆλθε,
144 1130 185 1171 τῶν
200 1125 221 1171 δὲ
236 1130 320 1181 λοιπῶν,
341 1125 372 1170 ὅτι
392 1127 470 1183 Σίμιονι
489 1127 599 1187 Κυρηναίῳ
616 1125 653 1171 τδν
672 1125 761 1184 σταυρὸν

43 1196 151 1255 ἐπέθηκαν.
179 1195 292 1255 Ἀμφότερα
302 1196 324 1241 δέ
334 1196 420 1254 ἐγένετο,
436 1195 491 1241 ααθολ
501 1198 578 1253 είρηται
592 1197 665 1250 ἐντοῖς
676 1200 704 1249 είς
713 1196 761 1249 τοὺς
769 1210 787 1238 ιτ

42 1269 116 1322 ἄλλους
131 1268 272 1332 εὐαγγελιστολς
286 1268 435 1328 ὑπομνήμασιν.

84 1344 134 1395 XX,
152 1346 182 1386 λλ,
213 1344 334 1399 Οίιιονομίας
352 1336 377 1399 ἦν
391 1340 414 1387 τδ
430 1340 543 1398 στραφῆναι
558 1341 633 1398 αὐτὴν,
656 1344 713 1394 θείας
727 1340 762 1399 χολ-
801 1351 803 1355 ’

42 1430 97 1472 ριτος
116 1416 175 1458 τοῦτο
191 1412 324 1470 ἐνεργησολσης
338 1405 371 1458 ναὶ
385 1412 408 1457 τδ
424 1418 546 1470 στραφεῖσαν
561 1411 587 1471 μὴ
603 1413 712 1472 ἐπιγνῶναι
726 1411 763 1458 αιλ-

42 1484 89 1535 τὸν,
110 1484 159 1529 ῶσιε
180 1484 206 1543 μη
227 1488 330 1543 αἰφνίδιον
350 1483 414 1541 αὐτὴν
434 1485 467 1529 ααὶ
486 1483 531 1541 παρ’
552 1485 622 1530 ἐλπίδα
636 1485 763 1542 θεασαμένην

42 1561 124 1610 τοῦτον,
140 1556 164 1599 δν
180 1557 208 1599 έιι
222 1555 294 1612 νεαρδυ
304 1554 422 1600 δποέπτευεν
432 1554 493 1609 εἶναι,
509 1556 631 1612 ἐκπλαγῆναι
645 1557 682 1613 την
696 1556 789 1614 ψυχὴννο

43 1626 167 1685 δαιμονιῶδη
177 1626 222 1671 ιινδ
237 1629 351 1685 φαντασίαν
365 1624 510 1683 ὑπολαβοῦσαν
524 1626 547 1672 οδ
562 1627 698 1685 φαινόμενον,
713 1627 764 1673 αατδι

43 1700 103 1758 μέρος
118 1700 139 1744 δέ
154 1701 294 1757 διαλεχθελσαν
309 1697 336 1751 ῶς
351 1697 454 1760 ολνθρῶπφ
468 1697 567 1758 πρότερον
581 1701 615 1744 οιαὶ
628 1703 718 1756 γνοῶσαν
733 1699 763 1744 δ’τι

44 1775 102 1826 ζῶντι
120 1771 231 1827 διαλέγεται
251 1770 345 1827 ολληθῶς,
367 1769 412 1815 τότε
433 1771 541 1827 ἐπιγνῶναι
561 1771 597 1828 μέν
616 1770 653 1816 τδν
672 1771 764 1828 παρόντα

44 1842 97 1895 ὅστις
112 1842 177 1897 ἐστίν,
197 1841 249 1900 ὁμοῦ
264 1842 285 1888 δὲ
299 1844 332 1888 ααλ
347 1846 451 1889 πιστεῦσαι
465 1843 498 1888 ααλ
512 1846 618 1901 θαυμολσαι
632 1846 669 1888 τοῦ
683 1842 764 1902 γενομέ-

43 1933 81 1961 νου
95 1914 118 1960 τδ
134 1913 225 1972 μέγεθος.
424 1975 425 1978 ¹
771 1930 791 1958 νε

85 1986 140 2038 XX,
158 1991 188 2031 17.
219 1991 282 2030 Δοαεῖ
295 1985 332 2043 μέν
346 1986 422 2044 ἐπέχειν
437 1985 502 2043 αὐτὴν
516 1991 550 2044 της
565 1986 629 2045 τίφης,
645 1986 672 2039 ῶς
687 1987 713 2032 δν
728 1986 765 2046 οὐχ

45 2057 119 2115 ὁμοίως
136 2057 260 2116 ὀφείλουσαν
275 2058 369 2116 ἐγχειρεῖν
383 2061 407 2117 τῇ
422 2061 459 2102 τοῦ
474 2056 565 2114 σώματος
581 2056 634 2117 δφῇ,
657 2058 719 2104 λλλλον
739 2059 764 2118 δη

44 2147 98 2183 τινος
113 2131 146 2175 καὶ
161 2129 213 2175 πολὺ
228 2132 341 2188 αρείττονος
354 2129 464 2188 γενομένου
479 2134 516 2174 τοῦ
531 2128 630 2188 σώματος
656 2129 715 2176 Ἀλλδι
731 2134 765 2176 ααί

43 2220 63 2247 τι
77 2202 146 2261 ἕτερον
161 2202 259 2260 ἐμφαίνει.
283 2201 329 2254 Ὅτι
343 2201 381 2261 γδρ
396 2206 431 2260 της
446 2200 499 2262 ολφης
514 2202 574 2249 οὐδέν
589 2202 667 2263 ἀπεῖρξε
681 2202 718 2261 τὴν
729 2220 764 2261 γυ-

43 2279 104 2318 ναῖκα
118 2277 190 2331 δῆλον,
206 2274 226 2328 ἐξ
241 2268 269 2318 ῶν
283 2272 332 2326 τοδς
346 2273 445 2331 μαθητὰς
454 2274 547 2328 ιλψασθαι
561 2274 656 2327 αολλολαις
670 2278 791 2332 πεποίηυεαο

44 2347 76 2390 παλ
91 2348 132 2391 τῶν
146 2345 215 2389 τύπων
230 2349 326 2403 α’ίσθησιν
341 2349 420 2404 λαβεῖν,
442 2345 478 2396 οὓς
493 2345 533 2390 ολπδ
547 2351 588 2391 τῶν
603 2346 656 2404 ἥλιον
670 2345 697 2398 ῶς
712 2346 765 2400 εέαδς

45 2417 162 2474 ἐγγενέσθαι
176 2421 204 2477 τῶ
220 2416 296 2475 σῶματι
311 2416 391 2476 συνέβη,
421 2414 466 2460 Λῶο
480 2419 550 2461 τοίνυν
565 2418 657 2473 ἐμφαίνει
676 2416 710 2462 διδ
724 2421 765 2463 τῶν

45 2488 150 2546 ῥημάτων,
172 2487 195 2533 τό
214 2505 235 2533 το
253 2487 305 2533 πολδ
326 2494 416 2547 αρεῖττυν
433 2486 485 2533 εἶναι
503 2488 525 2533 τὸ
541 2491 649 2545 σῶμανῶν
664 2489 765 2548 μενέτην

45 2559 164 2615 ιίνολστασιν,
180 2559 194 2618 λη’
208 2560 230 2605 τδ
245 2560 354 2617 πρότερον,
370 2557 397 2612 ῶς
412 2559 445 2605 διδ
454 2562 514 2603 τουτο
525 2558 575 2616 μηδέ
585 2556 653 2613 ἁπλῶς
663 2560 766 2618 ἐγκεῖσθαι

45 2631 127 2689 ἀφείλου
143 2630 261 2692 ολνθρωπελμ
271 2630 325 2690 ολφβ,
340 2632 372 2675 ναὶ
388 2630 410 2675 τὸ
425 2630 503 2687 μέλλειν
517 2633 545 2682 εἰς
559 2628 662 2688 οὐρανοὺς
676 2632 792 2691 ῶναλαμ-οα

45 2704 149 2763 βολνεσθαι.

90 2818 104 2844 ⁵.
118 2810 166 2845 Cord¹
180 2814 210 2843 οτι,
224 2811 289 2855 μλῡθ,
320 2810 523 2853 91C01d.cat.p,!1÷28,
554 2817 578 2844 ιι,
592 2811 641 2847 Gord.
655 2813 764 2855 τιλμλθλ.

46 2879 70 2905 ιι,
84 2871 134 2905 Cord.
148 2874 180 2905 οτι.
193 2881 208 2912 μ
221 2871 258 2905 m.
284 2880 308 2907 νο.
321 2874 369 2907 Gord.
383 2875 414 2905 ταί.
428 2881 442 2914 [ι.
455 2872 493 2905 λ55.
518 2879 542 2905 σε.
556 2871 602 2907 θαλι
615 2868 694 2916 ὀφείλων.
