1773 3073
150 84 173 121 78
369 84 479 119 THEODORI
490 82 644 119 MOPSVESTENI

192 196 231 248 IX,
248 197 278 237 10,
311 191 334 234 Τί
352 184 399 245 οὖν,
422 192 495 248 φησίν,
518 194 590 236 εἰκοιτε
610 190 636 237 ύν
655 192 750 249 περὶτοῦ
764 188 815 235 κατίι
829 189 865 239 τόν

149 265 213 313 Ἧσαύ
227 265 258 309 καί
273 261 308 307 τόν
321 260 401 321 Ἰακώβ,
417 261 469 307 όαου
483 263 517 307 καί
531 262 596 324 πατῆρ
612 261 640 318 εἷς
654 265 687 309 καί
701 261 765 322 μητῆρ
780 263 815 321 μία
833 264 865 307 καί

151 339 242 391 σύλλεαις
256 334 268 391 ῆ
283 334 343 392 αύτῆ;
364 334 387 379 τό
401 335 440 392 γαρ
455 336 475 389 ἐξ
490 334 535 388 ἐνὸς
549 339 618 393 κοίτην
633 338 705 394 ἔχουσα
720 339 780 381 τούτο
800 335 863 391 λέγει,

149 408 172 453 τό
185 407 222 465 τῆν
236 403 300 463 αύτῆν
314 405 335 450 ἐκ
349 409 386 450 τού
400 405 464 451 αύτού
478 405 505 465 μῆ
519 406 570 452 κατύι
585 407 698 467 διαφόρους
711 412 774 450 τεκεῖν
794 405 866 463 συλλῆ-

135 488 198 534 εγεις,
227 478 268 522 Καὶ
283 477 336 523 οὕτω
351 477 401 523 κατιί
415 478 481 523 πάντα
495 480 529 523 καί
542 478 649 537 προγόνων
664 477 769 536 οἰκειότητι
786 479 819 523 καί
833 495 864 528 το-

147 556 197 614 κετῴ
212 550 344 607 συνημμένων
359 549 434 602 αὐτῶν,
456 550 510 608 ὅμως
529 549 540 596 ὁ
560 551 609 604 θεὸς
629 554 676 608 αρίν
690 555 813 609 γεννηθῆναι
830 549 864 595 αύ-

148 622 195 676 τούς
209 624 243 668 καί
256 640 275 667 τι
289 627 371 681 ποιῆσαι
386 623 448 669 καλὸν
462 622 476 682 ῆ
490 623 562 680 κακόν,
578 623 686 682 προλαβών
701 622 726 669 ού
741 622 804 680 μόνον
819 626 866 668 διεῖ-

148 700 181 741 λεν
196 694 282 748 αύτούς,
305 694 355 741 οίλλοί
369 696 402 741 καί
417 695 537 757 οἰνέτρειγεν,
559 699 575 742 εἰ
590 699 620 742 δελ
633 694 719 754 τύληύές
734 701 816 741 σκοπεῖν
830 699 866 754 τῆς

149 768 228 828 φύσεος
242 767 279 826 τῆν
294 767 420 815 ἀκολουθίαν
433 768 470 814 τόν
484 771 564 827 μείζονα
579 768 695 815 δουλεύσειν
708 767 865 828 ιίκοφηνοίμενος

123 847 175 902 11]τηί
190 840 290 896 ἐλάττονι,
306 841 363 894 εἰδείς
378 842 414 899 μὲν
429 841 504 894 αύτούς
519 841 585 902 ὁκοῖοί
599 859 651 895 τινες
666 843 754 894 ἐσονται,
770 840 807 886 οὐκ
817 840 864 885 οἰνα-

149 915 217 971 μείναςΙ
232 913 253 958 δέ
268 912 307 959 εἰαό
322 917 362 959 τῶν
377 916 455 959 οἰκείων
470 917 621 972 διαγνωσθῆναι
635 912 724 973 τρόπον,
747 912 797 959 ίιλλδι
806 912 867 972 κῆρ’-

149 987 216 1044 ρίαίλεν
231 984 305 1039 αύτούς
320 985 403 1037 διελών,
418 986 467 1031 ἐίστε
482 985 515 1031 διοί
530 985 611 1031 πάντων
626 985 718 1050 μανεροίν
726 985 821 1042 γενέσθαι
830 988 865 1043 τῆς

149 1059 231 1116 ἐκλογῆς
244 1056 281 1115 τῆν
292 1057 360 1117 χάριν,
375 1057 430 1117 ῆκαί
441 1056 520 1116 φύσεως
530 1059 562 1103 κοιλ
572 1050 653 1103 κύνειον
663 1058 715 1102 ἐστίν
725 1058 864 1115 προτιμοτέρα

149 1127 290 1185 Εύκαιρότατα
304 1131 341 1187 μὲν
356 1125 393 1173 οὖν
408 1130 459 1187 πρὸς
472 1130 497 1173 τό
512 1129 602 1186 παρόντα
616 1132 650 1173 καί
663 1129 686 1172 τό
700 1127 759 1185 μῆτιν
772 1129 811 1187 γίιρ
821 1148 866 1186 γεν-

123 1201 262 1259 ιενηίλένταν·
284 1200 338 1245 ούται
356 1199 395 1260 γίιρ
414 1199 564 1255 διαψεύσασθαι
583 1201 631 1260 φησί
652 1200 689 1260 ούγ
707 1199 751 1246 οἷόν
768 1218 788 1246 τε
802 1199 865 1256 ἐλεόν,

150 1274 206 1332 ἕτερα
220 1273 256 1330 μέν
270 1271 441 1331 ὑπισχνούμενον,
457 1274 513 1332 ἐτερα
528 1274 549 1319 δέ
564 1278 672 1327 κοιούντα,
690 1274 720 1319 ότι
734 1276 766 1319 καί
781 1273 866 1332 πρὸτῆς

150 1345 260 1404 γεννήσεως
273 1344 309 1391 τόν
324 1344 409 1390 ἐκοίστου
423 1344 499 1403 τρόπον
514 1346 571 1399 εἰδοίς
585 1345 684 1403 ἐκλέγεται
699 1345 735 1398 οὓς
753 1346 779 1391 όίν
798 1345 866 1400 οἰξίους

151 1417 202 1463 εἰναι
216 1419 294 1476 νομίση.
327 1420 360 1470 Τίς
375 1416 401 1462 εἰν
416 1413 454 1463 οὖν
468 1417 545 1475 γένοιτο
560 1419 591 1463 ἐπὶ
601 1422 638 1463 τού
647 1417 742 1463 τοιούτου
752 1419 865 1476 διαμαρτία,

151 1489 200 1534 ὥστε
218 1493 278 1532 τοῦτο
296 1488 346 1533 κατόι
365 1488 401 1533 τόν
415 1494 455 1533 τῶν
470 1493 528 1534 ἰδεῶν
542 1492 629 1546 νομίζειν
644 1489 714 1546 λόγον,-
739 1489 827 1541 Λεικνύς
845 1489 866 1533 δὲ

126 1559 182 1605 νθίίτι
191 1557 330 1619 ἠκολούθησεν
339 1564 363 1619 τῆ
378 1560 428 1606 κατὰ
442 1559 500 1618 ηύριν
515 1561 586 1620 ἐκλογῆ
601 1562 634 1605 καί
647 1561 672 1607 τό
686 1560 803 1619 πράγματα,
820 1560 866 1605 ἐκοί-

152 1646 190 1688 γει·
205 1630 275 1681 καδώς
289 1631 407 1688 γέγραπταις
422 1631 458 1675 τόν
470 1631 648 1690 ’ίακεὸβ-ῆγοίκησα
662 1633 698 1677 τόν
713 1634 734 1677 δὲ
747 1631 811 1677 Ἡσαῦ
826 1634 867 1689 ἐμί-

152 1715 213 1760 σησα
229 1702 262 1748 διοί
276 1702 358 1748 πόντων
372 1703 440 1760 με’ντοι
454 1707 523 1761 σαφῶς
538 1703 640 1763 ἀπέφηνεν
653 1705 683 1750 ότι
692 1704 809 1762 μῆιφύσεας
820 1703 867 1750 οἰκο-

153 1778 226 1836 λουίλίηι
241 1774 343 1821 δουλεύειν
358 1774 412 1820 οίδεν
426 1774 483 1829 θεὸς,
504 1775 568 1834 ηοίριτι
582 1777 604 1821 δὲ
618 1779 651 1821 καί
665 1780 768 1838 φιλοτιμίη
782 1776 867 1829 τούτους

154 1847 261 1906 ἐκλέγεται,
283 1847 319 1900 οίίς
338 1847 364 1892 ἰίν
382 1846 451 1902 ύξίους
468 1846 519 1893 εἰναι
538 1853 573 1906 τῆς
592 1849 673 1908 ἐκλογῆς
686 1852 771 1908 νομίση,
795 1851 867 1902 οίτινες

128 1925 187 1978 εοτῆς
204 1919 248 1978 παρ’
270 1919 332 1965 αύτού
351 1919 449 1980 πρότερον
469 1920 587 1974 οίξιοιθέντες
605 1919 695 1979 χάριτος,
717 1921 761 1967 τότε
781 1922 806 1967 τοί
820 1920 866 1980 παρ’

153 1992 230 2038 ἑαυτῶν
241 1992 377 2051 συνεισφέρειν
387 1991 493 2047 δύνανται,
508 1991 609 2049 οίνίιλογον
622 1997 647 2052 τῆ
661 1991 727 2052 χόρια
740 1993 777 2052 τῆν
792 1996 867 2039 οἰκείαν

154 2062 299 2117 ἐπιδεικνύντες
313 2067 434 2124 προαίρεσιν.

194 2136 234 2187 ΙΧ,
252 2140 276 2180 ίί
291 2152 316 2181 ss.
349 2138 373 2179 Τί
391 2132 429 2181 ούν
448 2136 532 2193 ἐροῦμεν
552 2137 609 2195 φησί’
632 2137 658 2195 μῆ
678 2136 744 2182 ιίδικία
763 2138 817 2196 ααρίι
838 2142 867 2199 τῷ

152 2214 204 2272 θεῆς
219 2207 246 2266 μῆ
260 2207 349 2264 γίνοιτο·
365 2207 405 2253 ἀλλ’
421 2209 463 2265 ἐμοὶ
478 2209 515 2265 μὲν
529 2213 605 2266 είρηται
618 2214 681 2254 ταῦτα
692 2212 740 2268 φησί
750 2211 867 2271 βουλομένῳ

127 2284 215 2337 εοδεῖξαι
233 2279 270 2325 τόν
288 2279 339 2325 θεόν
357 2278 394 2325 ούκ
411 2273 523 2342 οἰκόλονίλίη
541 2280 620 2338 φύσεως
640 2280 746 2339 ἑπόμενον,
766 2282 832 2341 χείρετι
846 2282 867 2327 δέ

152 2356 185 2398 καί
205 2355 309 2415 φιλοτιμίη
328 2351 458 2410 ἐκλεγόμενον
476 2352 514 2405 οδς
532 2352 558 2398 ἰίν
577 2352 646 2407 οίξίονς
664 2352 715 2398 εἰναι
731 2358 767 2412 τῆς
786 2356 868 2412 ἐκλογῆς

153 2428 222 2485 νομίζη
236 2429 271 2483 τῆς
286 2425 369 2471 ἑαυτοῦ·
384 2426 458 2470 οἰέσίια
473 2425 494 2470 δέ
508 2426 575 2482 μηδείς
590 2425 661 2470 ίίδικου
676 2423 727 2470 εἰναι
741 2425 804 2483 λέγειν
816 2424 868 2484 ῆμας

154 2502 189 2542 τού
203 2501 253 2543 δεού
268 2497 304 2557 τῆν
319 2497 416 2556 ἐκλογὴν,
438 2500 479 2556 εἰκῆ
494 2498 526 2542 καὶ
541 2497 590 2542 ύίνεν
603 2498 685 2555 κρίσεως
699 2495 747 2549 τούς
760 2498 797 2555 μὲν
816 2496 868 2556 οἰφε-

154 2573 195 2614 λείν
213 2568 260 2622 τούς
279 2571 301 2616 δέ
320 2569 414 2630 βλύκτειν
434 2569 590 2622 ἐσπουδακότος·
613 2568 640 2626 μῆ
659 2568 697 2628 γνίρ
715 2569 793 2626 γε’νοιτο
807 2574 867 2615 τούτο

154 2737 231 2775 διύδεσιν
248 2738 337 2787 δείκνυσιν,
355 2739 384 2776 λ’να
399 2738 447 2787 μῆτις
460 2739 500 2783 τούς
515 2736 551 2777 κατ’
564 2735 620 2776 αύτιίν
631 2735 705 2785 ἐλέγχους
717 2737 759 2784 νοὸς
774 2737 868 2785 ἀπέχθειαν

153 2795 232 2843 λέγεσθαι
245 2794 340 2845 ύκοβοίλλοι.
368 2802 399 2835 His
414 2804 470 2838 verbis
486 2804 555 2845 explicit
571 2802 607 2835 cod.
622 2802 732 2842 Bodleianus,
750 2813 783 2846 quo
799 2802 868 2836 Cramer

153 2873 193 2897 usus
206 2865 236 2896 est.
