1723 3073
178 705 345 758 'ruuouolu
362 704 579 760 ntorsvusruul

41 837 64 874 lN
77 836 232 873 attellanarum
244 836 295 873 ΜΑΤ
297 836 311 872 Τ
313 836 369 872 ΗΑΕΙ
384 835 549 873 COllllENTAllll
562 837 714 876 antennam

61 1151 175 1195 Matthaeus
192 1152 272 1208 quidem
288 1152 409 1208 euangelista
420 1159 466 1209 pest
477 1152 597 1194 tentationes
608 1152 666 1200 dieit,
683 1151 736 1208 qnod
779 1190 781 1192 .

23 1223 139 1266 aecedentes
155 1223 220 1280 angeli
236 1221 374 1265 ministrabant
389 1224 419 1264 ei:
436 1222 512 1265 seilicet
527 1237 572 1265 eum
587 1236 611 1265 oo
627 1223 736 1270 constituti,

22 1304 41 1338 et
50 1302 192 1353 cooperantes,
209 1301 229 1337 et
238 1294 332 1337 omnibus
345 1294 399 1336 eirea
410 1309 456 1337 eum
466 1295 509 1337 Deo
520 1295 667 1344 ministrantes,
684 1294 739 1349 quod

23 1366 111 1424 iamper
127 1365 234 1408 certamina
250 1365 275 1407 ad
290 1364 391 1406 diabolum
407 1371 498 1407 ostensus
514 1372 543 1407 est
558 1364 637 1406 elarier.
669 1364 738 1407 Sedet

23 1436 76 1492 qued
92 1451 176 1494 passuro
192 1437 210 1478 ei
225 1435 309 1491 aderaut
323 1436 399 1492 angeli,
422 1450 447 1478 ex
466 1435 572 1492 evangeliis
591 1435 697 1477 diseimus:
721 1442 741 1477 et
759 1449 766 1473 n

23 1522 67 1550 rum
83 1508 205 1555 resurrexit,
221 1508 241 1549 in
257 1514 387 1550 monumento
402 1508 440 1549 visi
454 1513 506 1550 suut.
538 1508 576 1549 Per
589 1508 656 1550 omnia
667 1506 740 1549 etenim

22 1581 58 1623 ista
74 1578 225 1623 monstrabatur
241 1579 326 1637 dignitas
343 1578 427 1629 Christi,
444 1578 499 1635 quod
514 1580 627 1635 inseparate
642 1579 660 1621 ei
676 1579 740 1635 angeli

24 1651 117 1699 aderant,
140 1658 159 1693 et
174 1650 267 1693 omnibus
283 1651 335 1693 eirea
351 1664 396 1693 eum
412 1649 556 1693 ministrabant.
593 1650 648 1693 Siout
663 1650 715 1692 enim
731 1664 741 1692 a

23 1721 152 1779 peeeantibus
168 1728 298 1780 separantur,
314 1723 343 1765 sie
357 1730 377 1765 et
391 1736 427 1779 per
442 1722 535 1787 meritum
551 1721 653 1765 honoratis
668 1721 741 1764 subre-

25 1794 86 1835 niunt.
117 1795 203 1852 Propter
218 1794 273 1850 quod
289 1793 340 1836 bene
355 1795 454 1837 Dominus
470 1796 509 1836 ait:
533 1794 592 1847 Quod
607 1794 670 1835 maius
685 1792 741 1836 ride-
751 1805 768 1833 ro

24 1863 80 1915 bitis,
104 1870 123 1908 et
138 1865 192 1922 tpuod
209 1864 287 1908 eoelum
303 1865 404 1923 aperietur
419 1864 511 1908 omnibus
527 1879 563 1922 per
578 1878 622 1913 me,
639 1871 658 1908 et
673 1879 743 1908 omnes

25 1935 90 1993 angeli
104 1950 184 1993 semper
198 1950 277 1978 meeum
289 1943 358 1985 erunt,
375 1950 429 1978 nune
439 1936 520 1993 quidem
531 1935 673 1984 ascendentes,
690 1950 744 1979 nune

26 2021 73 2049 vero
89 2007 246 2056 descendentes,
264 2008 315 2051 sieut
331 2007 355 2050 ad
371 1999 503 2050 domesticum
518 2006 556 2049 llei
571 2015 590 2050 et
606 2009 699 2051 amioum.

65 2080 116 2121 Nam
137 2080 238 2122 rationalis
260 2079 340 2136 quidem
359 2081 462 2136 proprium
479 2086 517 2126 est,
535 2079 629 2122 diseretio
644 2080 744 2122 bonorum

26 2149 164 2193 etmalorum.
197 2150 247 2193 eum
264 2164 372 2193 veronen
392 2158 458 2192 essent
478 2151 590 2199 contraria,
614 2165 654 2193 non
670 2158 712 2193 erat
727 2151 770 2192 eie

70 2306 178 2347 Evangelium
197 2306 277 2340 Matthaei
295 2307 394 2339 Theodorus
410 2309 453 2339 teste
465 2306 548 2339 Ebediesu
561 2304 653 2348 (Asseman,
667 2306 706 2339 bibl.
720 2316 743 2340 or.

27 2364 54 2410 tlt.
64 2365 76 2397 l.
88 2376 103 2406 p.
112 2364 147 2406 32.)
160 2375 193 2398 uno
205 2370 250 2398 tomo
263 2365 283 2397 ad
293 2365 354 2399 lulium
366 2365 462 2408 espltoavit.
489 2374 500 2398 1,
514 2367 550 2399 net.
564 2367 613 2399 tone
623 2367 708 2399 consult
717 2367 745 2400 lv.

27 2424 115 2458 ao-tttansi
124 2426 152 2457 Ill.
162 2436 178 2467 p.
186 2425 223 2457 eta.
233 2426 283 2468 vigit
293 2425 350 2459 Const.
358 2428 385 2459 27.
394 2426 448 2459 blansi
455 2426 481 2457 lll
492 2435 507 2466 p.
516 2426 543 2460 79,
568 2425 656 2466 „Eiusdem
666 2426 686 2457 de
695 2427 746 2459 inter-

28 2486 120 2523 pretatione
132 2485 214 2527 evangelii
228 2483 274 2528 [vett.
286 2485 298 2518 l.
312 2486 404 2518 secundnm
416 2487 495 2518 loannem
507 2484 597 2528 erningelii]
610 2485 655 2518 libro
667 2486 745 2527 primozl

0 2573 1 2576 ,
28 2545 55 2576 sed
68 2555 83 2577 v,
96 2554 138 2588 quae
151 2546 184 2578 dixi
197 2546 213 2577 in
226 2550 315 2578 comment,
328 2544 349 2578 de
359 2546 443 2578 Tlreodori
452 2546 474 2578 bl.
487 2546 521 2577 vita
534 2549 550 2578 et
562 2545 634 2587 seriptis,
648 2547 685 2580 Hal.
698 2547 747 2582 1836.

29 2603 195 2645 poenapoo.
220 2605 366 2644 enitebant.
390 2606 413 2635 io,
425 2605 478 2635 Paris,
490 2604 555 2636 scilieet
564 2607 580 2635 et
590 2613 633 2635 eum.
659 2610 746 2640 notante

29 2663 301 2704 oooperantesom.Vig.Gonst.
331 2662 411 2703 sangeb
428 2671 459 2694 om.
473 2662 525 2694 Paris.
557 2663 627 2695 neuim
641 2664 677 2706 Vig.
691 2665 747 2698 Coust,

0 2712 1 2715 ¹
30 2722 207 2763 emerserunt-rig.
222 2722 238 2755 C.
264 2731 276 2755 a,
295 2727 311 2754 et
328 2731 360 2754 om.
373 2721 407 2761 Vig.
421 2722 438 2753 t).
468 2730 493 2753 tt.
509 2723 552 2754 Vett.
565 2723 575 2753 1,
588 2726 604 2753 et
617 2723 711 2765 eddqnod
726 2729 748 2757 et.

0 2783 2 2821 ᾗ
31 2785 55 2811 aa.
67 2780 103 2813 Iob.
115 2781 132 2819 1,
143 2780 170 2813 51.
183 2782 209 2813 52.
233 2782 255 2813 ib.
269 2782 337 2821 bellov„
351 2784 388 2813 vett.
402 2780 439 2814 edd.
452 2784 468 2813 et
480 2781 516 2814 Dei,
542 2781 616 2814 'tremet
632 2782 747 2816 t]‚Corrst.ll.

0 2864 1 2870 ,
30 2837 56 2871 lv.
65 2838 92 2873 55.
104 2841 141 2882 Vig,
151 2841 167 2875 C,
177 2841 203 2874 56.
228 2842 260 2881 „Ex
274 2842 351 2882 hisquae
363 2844 401 2873 sunt
413 2840 429 2872 in
442 2850 468 2873 er.
477 2850 510 2874 seo,
519 2841 584 2884 Mattio,
597 2843 613 2874 in
626 2842 687 2884 qrribus
697 2838 747 2875 dixit:

31 2899 73 2939 {pared
87 2901 127 2933 deus
141 2902 204 2934 erravit
217 2902 300 2934 ‹eontrau'ia
314 2902 322 2932 i.
336 2910 349 2934 e.
363 2901 405 2933 botta
419 2904 434 2933 et
447 2901 505 2933 malaf‘
531 2909 556 2932 nn.
570 2902 605 2943 Vlg.
619 2902 635 2934 [ἱ.
649 2911 681 2935 uorr
695 2903 732 2937 siut.

613 2961 620 2992 t
