1773 3073
118 81 139 117 δέ
337 79 449 113 'rflssonom
461 78 618 113 mopsvsssTENl,
632 91 634 95 ·

119 206 159 233 των
173 187 228 245 ἡμῖν,
244 185 297 235 ὅπως
310 189 346 228 τοῦ
359 183 422 241 Ἀδὰμ
436 186 469 229 καὶ
484 184 636 244 ἁμαρτήσαντος
650 185 683 229 καί
697 182 790 228 θανάτου
805 185 835 227 αλ-

119 263 163 304 τίον
177 254 288 315 γεγονότος,
311 253 322 312 ὁ
342 254 428 312 Χριστὸς
447 243 535 313 καλιὴν
553 256 612 302 λάσιν
629 261 669 302 τῶν
688 254 835 312 ἁμαρτημάτων

119 328 175 387 ἡμων
189 326 301 384 ἐχαρίσατο,
317 326 350 368 καί
364 324 401 383 τὴν
416 323 534 389 ἀπαλλαγὴν
547 331 585 372 τοῦ
599 326 691 373 θανάτου
705 330 730 385 τῇ
739 329 774 383 τῆς
787 324 835 371 ἀνα-

119 400 203 449 στάσεως
218 397 290 448 ἐλπίδι,
310 396 358 442 καθ’
377 396 404 456 ἣν
419 396 455 452 ἐξω
470 397 535 457 πάσης
549 396 646 458 ἁμαρτίας
665 395 835 455 πολιτευσόμεθα·

105 476 177 518 ιτοιίτο
191 468 230 526 γάρ
245 467 296 525 λέγει
311 471 415 514 δικαίωσιν
430 474 487 528 ζωῆς.
510 472 558 516 ,Καὶ
578 471 643 529 ιίίσπερ
662 469 674 529 ἡ
690 470 776 525 ἐκείνου,
799 487 836 527 φη-

119 545 160 594 σίν,
176 540 262 597 ἁμαρτία
272 539 321 593 τυὰς
335 541 420 594 λοιποὺς
435 540 558 602 ἀνθρώπους
572 542 661 600 θνητούς
675 559 695 587 τε
711 543 788 599 ἐποίησε
803 542 837 586 καί

119 615 229 674 ἐπιρρεπεῖς
239 612 272 657 διά
287 612 362 659 τούτου
377 616 422 673 περί
436 614 473 673 τὴν
488 612 663 672 ἁμαρτίανείναι,
678 618 738 659 τοῦτο
752 613 791 670 γὰρ
806 612 836 658 λέ-

119 705 148 744 γει
162 684 185 730 τά
200 682 323 743 ἁμαρτωλοί,
345 685 409 738 οίίτως
424 684 435 731 ἁ
450 686 536 746 Χριστὸς
550 685 587 744 τὴν
602 685 712 731 ἀνάστασιν
726 684 774 744 ἡμῖν
789 686 838 730 ἐδω-

120 757 204 816 ρήσατο,
220 755 270 801 ὥστε
285 759 307 802 ἐν
322 757 418 820 ἀθανάτῳ
432 762 457 817 τῇ
473 747 533 816 φάσει
541 756 685 816 καταστάντας,
700 756 765 815 πάσης
775 755 838 814 ἁμαρ

95 833 162 882 ιιτίας
179 827 255 885 διάγειν
274 829 404 888 ἐλευθέρους,
427 830 449 874 ἐν
467 829 546 887 ἀκριβεῖ
563 833 587 888 τῇ
602 827 720 887 δικαιοσάνη
735 833 838 873 πολιτευο-

120 903 198 960 μένους,
221 899 297 955 Ἕδειξε
312 900 334 946 δέ
348 899 464 956 κάνταῦθα,
480 900 510 946 άτι
524 900 547 946 τὸ
562 904 582 945 οί
595 903 665 946 πολλοί
679 899 723 946 ἀντί
737 904 773 945 τοῦ
787 899 838 945 πάν-

120 992 152 1027 τες
166 973 227 1031 λέγει·
244 972 306 1020 εἰπάν
320 972 358 1032 γάρ
373 973 405 1018 τὸ·
426 976 453 1025 είς
467 972 544 1025 πάντας
558 971 679 1032 ἀνθρώπους
694 975 721 1024 είς
736 974 839 1020 δικαίωσιν

122 1051 179 1105 ζωῆς,
195 1042 305 1103 ἐπήγαγεν
321 1042 434 1102 ἁμαρτωλοί
448 1043 599 1102 κατεστάθησαν
614 1046 634 1090 οί
647 1045 726 1095 πολλοί,
742 1043 790 1089 ἀστε
805 1047 838 1102 δῆ-

121 1124 158 1163 λον
173 1117 203 1163 ὅτι
218 1119 238 1161 οί
251 1118 320 1161 πολλοί
332 1116 376 1162 ἀντὶ
391 1121 427 1161 τοῦ
443 1119 462 1160 οἱ
475 1116 548 1169 πάντες
562 1117 613 1173 λέγει
627 1118 660 1161 καί
674 1117 696 1161 ἐν
710 1123 751 1168 τοῖς
767 1115 840 1161 ἀνωτέ-

96 1207 114 1236 ιι
122 1209 165 1246 ροις
179 1187 292 1236 κάνταῦθα.

165 1262 191 1314 V,
207 1265 239 1307 21.
270 1262 303 1320 Τῷ
322 1263 439 1317 βασιλεῦσαι
456 1260 478 1303 ἐν
497 1263 524 1319 τῷ
542 1258 626 1320 θανάτῳ
640 1259 677 1316 τὴν
692 1257 790 1317 ἁμαρτίαν
805 1258 840 1304 υέί-

115 1344 161 1385 τως
171 1331 231 1388 λέγει*
246 1332 326 1387 μείζονα
340 1331 384 1388 περὶ
398 1330 421 1375 τὸ
437 1328 558 1388 ἁμαρτάνειν
572 1330 637 1388 ῥοπὴν
652 1332 723 1388 θνητοί
737 1330 841 1390 γεγονότες

125 1402 240 1462 ἐσχήκαμεν.
270 1401 340 1447 Πολλά
358 1403 395 1460 μέν
412 1402 451 1460 γάρ
471 1402 511 1448 ἀπὸ
528 1401 603 1461 ἡδονῆς
619 1406 654 1460 τῆς
670 1406 715 1459 περί
728 1422 749 1449 τε
766 1407 841 1461 βρῶσιν

125 1478 158 1521 καί
171 1473 231 1521 πάσιν
245 1476 277 1519 καὶ
292 1473 328 1518 τὸν
343 1474 418 1528 ἔξωθεν
432 1473 507 1532 κόσμον
521 1476 554 1519 καί
568 1474 607 1533 μὴν
621 1476 655 1519 καί
668 1474 704 1527 τὰς
717 1479 758 1520 τῶν
771 1492 842 1532 γυναι-

99 1541 166 1592 εακαάν
182 1547 279 1603 ἐπιμιξίας
293 1546 390 1603 ἐγγίνεται
403 1544 451 1603 ἡμῖν
465 1547 587 1603 πταίσματα,
609 1545 639 1603 ἐφ’
660 1544 745 1591 ἑκάστου
763 1545 841 1591 τούτων

127 1619 164 1665 οὐκ
182 1619 213 1666 ἐπί
231 1621 267 1662 τοῦ
282 1617 392 1673 πρέποντος
406 1621 446 1662 τῶν
460 1621 540 1663 πολλάν
555 1617 673 1675 ίσταμένωυ,
695 1617 735 1663 ἀλλ
751 1620 778 1670 είς
796 1616 843 1676 ἀμε-

126 1694 185 1750 τρίαυ
197 1690 347 1748 ἐκφερομένων·
361 1693 424 1735 ταὰτα
439 1689 460 1734 δέ
475 1688 571 1750 ἀθανάτῳ
585 1689 622 1746 μέν
637 1689 674 1735 οιίκ
688 1689 714 1735 ἀν
728 1707 775 1735 ποτε
790 1689 844 1747 ἐγγέ-

127 1779 183 1807 νοιτο
193 1760 262 1818 φύσει·
278 1762 325 1805 ποία
339 1759 377 1818 γάρ
392 1759 466 1817 ἡδονή
481 1762 510 1820 τίς
525 1761 546 1805 δέ
560 1763 682 1819 φιλαργυρία
697 1761 727 1805 ἐπί
742 1764 777 1818 τῆς
792 1758 844 1810 ἀθα-

128 1833 190 1878 νάτου
204 1831 271 1890 χάραν
286 1831 323 1885 ἕξει
338 1830 429 1890 φάσεωςς
450 1831 516 1888 ἐπειδὴ
532 1833 553 1877 δέ
568 1833 639 1890 θνητοί
653 1832 763 1891 γεγάυαμέν
777 1851 797 1877 τε
811 1833 844 1877 καὶ

102 1905 187 1962 ετέσμέν
205 1903 243 1961 τὴν
263 1903 336 1961 φάσιν,
359 1902 438 1961 ἀφατου
457 1904 493 1960 μέν
511 1922 556 1947 τινα
576 1902 615 1948 ἀπὸ
634 1908 675 1949 των
696 1904 845 1962 προειρημένων

128 1981 202 2023 παθῶν
216 1975 252 2033 την
267 1974 370 2033 ἐνόχλησιν
382 1974 518 2033 ὑπομένομεν,
532 1975 608 2033 πολλὴν
618 1975 685 2034 δέτὴν
695 1978 740 2033 περὶ
748 1976 772 2020 τὸ
782 1975 844 2035 ἁμαρ-

129 2049 197 2094 τάνειν
211 2046 276 2106 ῥοκίγυ
291 2047 384 2092 ἐντεῦθεν
399 2045 504 2104 δεχόμεθα.
534 2050 606 2099 Καλοές
620 2042 658 2092 οάν
673 2049 711 2106 έφη
729 2053 845 2108 βασιλεῦσαι

130 2124 151 2167 ἐυ
165 2126 193 2183 τῷ
207 2119 291 2182 θανάτῳ
304 2119 341 2178 τίγν
356 2117 463 2177 ἁμαρτίαν,
484 2121 592 2177 μονονουχὶ
606 2119 720 2175 κρατοῦσαν
734 2120 791 2181 ἡμῶν
811 2121 845 2167 διά

129 2200 164 2253 τῆς
178 2192 263 2250 ἐνούσης
277 2191 324 2250 ἡμίν
339 2192 433 2236 ἐντεῦθεν
447 2193 491 2250 περὶ
505 2190 528 2236 τά
544 2190 664 2250 ἁμαρτάνειν
674 2195 743 2251 ῥοπῆς.
767 2194 845 2252 Ὥσπερ

105 2263 168 2311 εουάυ
186 2264 230 2310 τότε
249 2266 322 2323 φησίν,
342 2262 355 2321 ἡ
370 2261 456 2321 ἁμαρτία
470 2261 527 2321 ἡμῶν
542 2262 618 2321 ἐκράτει
637 2264 799 2325 συνωθουμένων
817 2265 850 2312 ἐπ”

117 2338 202 2397 αὐτὴν,
222 2339 255 2383 καί
270 2336 325 2396 παρά
338 2335 421 2394 γυωμήν
436 2335 541 2391 πολλάκις,
562 2335 615 2380 οὕτω
630 2336 653 2394 δὴ
668 2335 680 2395 ἡ
695 2343 731 2382 τοῦ
746 2345 797 2384 θεοῦ
811 2357 847 2385 κα-

132 2411 185 2464 θέξει
205 2412 319 2467 φιλοτιμία,
340 2408 450 2455 ἀσάλευτον
468 2407 505 2466 τάν
526 2411 628 2466 βασιλείαν
649 2409 721 2466 έχουσα
744 2412 765 2455 ἐν
786 2410 846 2470 ἡμῖν,

133 2482 212 2530 ἐπειδάν
225 2486 260 2542 τῆς
274 2484 358 2528 αι’ωυίου
373 2485 423 2541 ζωῆς
438 2480 594 2535 καταξιωθέντες
611 2480 644 2527 διὰ
662 2486 696 2540 τῆς
711 2481 845 2537 ἀναστάσεως,

133 2556 155 2600 ἐν
170 2553 255 2613 ἀληθινῇ
269 2555 303 2602 καί
317 2556 387 2614 βεβαίᾳ
401 2558 426 2614 τῇ
440 2552 558 2613 δικαιοσύνη
572 2553 648 2610 διάγειν
662 2554 767 2613 μέλλομεν,
783 2555 847 2615 ἁμαρ-

107 2633 174 2675 ειτείν
189 2624 226 2671 οὐκ
240 2625 380 2683 ἐπιδεχόμενοι.

180 2793 194 2819 5,
206 2786 225 2820 V.
238 2784 324 2820 δικαίωσιν
336 2784 379 2830 ζωῆς
394 2806 407 2812 -
427 2808 440 2815 -
459 2806 474 2812 -
489 2782 542 2831 εἶναι,
559 2785 610 2820 τοῦτο
621 2783 653 2829 γάρ
664 2786 706 2832 λέγει
718 2790 734 2822 in
747 2793 778 2822 cat.
792 2789 846 2823 eram.

134 2849 237 2884 exciderunt.
262 2853 287 2879 ιε.
300 2847 354 2889 δρία,
367 2857 380 2879 ει
393 2848 447 2880 Gram.
460 2859 473 2889 ρ,
487 2850 513 2883 56,
538 2857 563 2880 το.
575 2848 630 2889 ἀμίσι
643 2844 731 2890 ἐγγίνηται.
