1723 3073
229 93 250 127 IN
262 93 386 128 umsuonnu
398 94 426 127 ΑΙ]
439 93 549 131 ROMANOS.
728 92 747 127 fii

31 200 117 244 ἐνοῦσαν
132 196 211 254 ἐχομεν,
232 196 309 242 τοῦτον
324 198 362 243 οῦν
377 198 403 243 άν
417 215 464 246 ποτε
479 199 530 247 εἶναί
544 218 564 246 τι
578 205 660 260 φαῦλον
674 197 750 258 ῆχησά-

31 275 93 328 μεθα,
103 297 104 300 =
115 267 141 327 μῆ
156 267 222 326 νόμον
237 268 367 324 διδάσκοντος
380 268 445 330 ῆμῦς,
465 267 494 316 niv
512 274 663 331 ἐπιθυμοῦντας
683 270 750 329 άπέχε-

31 347 80 386 σθαι
94 340 200 400 προσῆκει,
216 339 281 400 ἐίσπερ
297 337 334 387 οῦν
348 343 380 388 ναί
395 342 418 389 ιδ
429 344 504 402 άλοχον
514 345 598 391 ἕκαστον
608 344 750 404 άπαραιτῆτοιν

30 413 66 472 τῆν
76 416 151 458 οίυείαν
161 414 274 470 ἐκπληροῦν
284 413 394 472 ἐπιθυμίαν
405 416 510 474 ἐπείγεται,
521 414 555 462 iiie
565 417 589 476 δὴ
600 418 684 471 οῦδενδς
697 416 749 462 αῦτά

30 485 81 544 πρδς
94 484 214 531 τούναντίον
225 483 375 543 ,οίνθέλαοντος,
390 485 425 545 ἐφ’
441 482 466 531 οῦ
481 487 532 546 πρὸς
545 488 611 548 μάχην
624 493 659 547 τῆς
674 491 748 541 οἰκείας
767 509 775 537 τ

30 558 112 618 ὀρέξεως
132 556 279 615 ααταστῆσεται.
297 556 361 604 ἸΕἶτα
382 557 513 617 ὑποδείγματι
531 559 623 619 κέχρηται
641 568 683 614 τοῖς
703 562 747 620 περὶ

30 630 66 675 τὸν
79 628 142 687 Ἀδάμ
156 631 184 682 είς
198 631 278 686 μείζονα
292 634 329 674 τοῦ
343 629 454 687 φευομένου
466 630 586 689 σαφήνειαν·
600 633 663 691 νόμος
671 633 711 691 γάρ
721 628 748 690 ῆν

30 703 63 748 ναί
77 700 90 760 ῆ
104 700 155 761 πρδς
170 702 246 749 ἐκεῖνον
261 701 330 760 ἐντολῆ
346 703 390 759 περὶ
405 705 441 746 τοῦ
456 706 522 759 φυτοῦ
536 704 632 764 χενομένη
648 707 681 750 ναί
701 717 746 750 συν-

31 774 123 834 εβάλλετο
143 774 168 818 τά
187 773 228 819 κατ’
249 775 325 818 ἐκεῖνον
345 777 372 827 είς
392 772 488 819 σύστασιν
507 779 547 821 νῦν
565 777 609 834 περὶ
626 780 663 822 τοῦ
682 776 747 835 νόμον

32 846 102 904 λόχων.
666 870 667 873 “
718 879 719 884 ,
756 866 775 893 ιο

71 919 119 971 vll.
136 922 154 964 8.
182 916 322 976 ’λλποδείνματι
342 917 433 976 αέχρηται
451 923 493 970 τοῖς
506 918 551 978 περί
564 918 600 964 τδν
613 918 686 977 Ἀδάμ,
706 921 747 965 ἐπεὶ

31 990 121 1042 νάαείνος
142 989 277 1048 προκειμένων
299 990 330 1035 ἐπὶ
351 993 388 1036 τοῦ
407 992 530 1050 παραδείσου
544 994 584 1036 νῦν
599 995 668 1049 φυτῦν
683 990 747 1044 άδεῦς

32 1061 126 1109 άπάντοιν
145 1062 304 1120 μεταλαμβάνειν
323 1062 418 1118 ἐδῦνατο,
438 1066 455 1108 εί
474 1062 501 1121 μῆ
515 1062 578 1121 νόμος
592 1062 646 1124 αὐτῷ
660 1081 689 1116 τις
703 1065 748 1122 περί

32 1134 108 1193 άποχῆς
122 1134 177 1192 ἐτυχε
191 1136 271 1187 δοθεὶς,
290 1136 323 1178 ναί
338 1134 376 1180 οῦν
390 1130 415 1193 ῆν
430 1133 535 1193 άμάρτημα
549 1134 571 1179 τδ
586 1135 635 1192 μετά
649 1140 689 1180 τεέν
707 1142 748 1181 λοι-

32 1210 75 1252 πῦν
90 1206 216 1265 βουληθέντα
230 1204 323 1251 αάυείυον
338 1205 415 1264 φανεῖν,
443 1206 522 1264 Ἐπειδὴ
537 1206 560 1252 δέ
573 1206 656 1265 ἐντολῆν
667 1207 747 1261 ἐδέξατο
756 1225 774 1253 ιτ

32 1278 209 1339 άποσχέσθαι,τοῦ
229 1282 295 1337 φυτοῦ
313 1283 347 1336 τῆς
365 1278 469 1337 βρώσεως,
491 1280 587 1337 ἐπιθυμία
606 1279 642 1338 μέν
656 1297 685 1332 τις
701 1280 748 1337 ἐνῆν

32 1352 91 1416 αὐτῷ
101 1356 135 1408 τῆς
149 1350 276 1408 μεταλῆηιεοις
291 1349 318 1402 τίς
333 1351 385 1402 είαδς
398 1356 435 1395 τοῦ
450 1356 539 1407 καρποῦ,
555 1351 651 1396 ἐνυλῦετο
662 1352 684 1395 δέ
695 1352 748 1409 ὅμως

31 1423 71 1470 ὑπὸ
90 1429 124 1482 τῆς
140 1424 231 1480 ἐντολῆς,
250 1422 356 1481 άμάρτημα
370 1421 458 1479 είναιτδ
473 1430 545 1480 φανεῖν
559 1428 599 1468 νῦν
614 1423 748 1481 άπηχορενμέ-

31 1514 76 1542 νοιν-
86 1494 208 1554 ῆχοῦμενος,
232 1495 326 1540 ἐντεῦθεν
340 1493 352 1553 ῆ
371 1492 457 1552 άμαρτία
471 1493 562 1551 πάροδον
577 1495 644 1553 ἐσχεν,
663 1499 699 1554 τῆς
713 1495 749 1554 μὲν

31 1569 111 1626 ἐντολῆς
131 1565 238 1625 ἐπεχούσης
257 1566 295 1625 τῆν
314 1571 400 1624 βρῶσιν,
423 1572 460 1612 τοῦ
482 1567 503 1612 δέ
523 1566 585 1624 Ἀδάμ
597 1567 629 1613 ὀῦ
649 1567 699 1626 πρδς
713 1567 777 1625 τῆνον

31 1641 155 1695 ἀξιοπιστίαν)
173 1644 208 1697 τῆς
223 1639 303 1695 ἐντολῆς
318 1638 453 1697 βουληθέντος
468 1641 527 1690 ίδεῐν,
550 1637 599 1684 iiii
615 1639 750 1692 πιστευθέντος

31 1713 67 1771 μέν
88 1716 125 1758 τοῦ
144 1709 253 1771 ἐπιβούλου
271 1717 313 1764 τοῖς
332 1710 410 1769 λόχοις,
433 1710 482 1757 ὅλον
502 1711 522 1756 δέ
542 1714 577 1770 τῆς
591 1712 699 1769 ἐπιθυμίας
713 1715 749 1757 τοῦ

32 1792 104 1843 φανεῖν
117 1783 229 1842 χεχονάτος.
258 1786 299 1828 Καὶ
314 1783 338 1828 οῦ
353 1782 418 1841 μόνον
433 1783 514 1842 άφορμῆ
529 1787 564 1841 τῆς
577 1782 674 1843 ἁμαρτίας
684 1785 750 1829 ἐντεῦ-

31 1864 74 1903 θεν·
84 1856 171 1914 ἐγένετο,
187 1854 237 1901 άλλά
252 1854 290 1913 γάρ
306 1855 333 1900 ἐτι
348 1854 427 1901 νάπείνο
441 1854 554 1913 ἐμάθομεν,
570 1853 597 1908 ῦς
611 1853 649 1913 οὐχ
663 1854 751 1908 άπάσαις
802 1912 804 1915 .

31 1936 74 1981 ταῖς
95 1930 211 1985 ἐπιθυμίαις
230 1930 336 1984 προσῆκεν
352 1928 436 1971 ἕννυσθαι
453 1925 515 1983 ῆμῦς,
537 1927 682 1985 δοκιμάζοντας
699 1924 722 1973 ’δὲ
737 1928 777 1978 δίας

31 2001 68 2061 χρῆ
86 2006 151 2046 ποιεῖν
168 2005 208 2045 τῶν
229 1999 301 2057 ἐτέρων
320 1999 438 2058 άπέχεσθαι,
461 1997 491 2051 οἷς
507 1997 545 2044 οῦν
560 2000 678 2058 ἐμμένοντες
693 2004 751 2060 δῆλοι

30 2074 110 2126 πάντας
130 2073 188 2131 ἐσμὲν
210 2071 368 2131 ἁμαρτάνοντες·
392 2072 441 2117 ἐίστε
461 2070 485 2116 οὐ
505 2070 547 2117 κατ’
568 2073 632 2117 ἐνεῖνο
652 2075 718 2130 μόνον
737 2072 750 2129 ῆ

31 2143 117 2203 άμαρτία
135 2144 172 2202 τῆν
192 2142 284 2201 πάροδον
299 2143 341 2201 ἐσχε
356 2142 389 2188 διά
404 2148 439 2201 τῆς
453 2144 543 2201 ἐντολῆς,
564 2144 618 2189 ναθδ
633 2150 669 2189 τοῦ
684 2149 749 2203 φυτοῦ

77 2336 91 2360 ε,
103 2328 159 2359 Libri:
171 2324 199 2358 ταί
211 2324 241 2360 τὸν
253 2325 303 2370 λόχον
315 2323 391 2361 ἐαοοτον,
415 2337 441 2360 11.
453 2329 506 2369 Spin..
519 2339 533 2361 c.
546 2328 750 2370 Cran1.p.89.uauern

32 2387 69 2419 vice
81 2388 143 2420 ibidem
156 2397 165 2418 e
178 2386 215 2418 cod.
228 2387 327 2420 iiionncensi
339 2399 354 2430 μ,
367 2388 410 2429 169,
427 2385 499 2421 ιιίιίΤίι.
512 2390 596 2421 monacho
607 2388 693 2422 tribuitur.
717 2388 749 2421 sen

32 2445 103 2479 discedit
115 2446 132 2478 in
144 2446 229 2479 nonnullis
242 2450 297 2480 iexius
309 2456 323 2481 ο.
336 2448 380 2482 Mon.
393 2448 414 2480 ab
427 2448 485 2482 aliero.
509 2448 568 2481 Statim
584 2448 605 2481 ab
622 2447 670 2481 initio
687 2448 710 2482 iia
722 2449 751 2481 hn-

32 2507 70 2540 bu:
89 2503 137 2549 Τάχα
149 2502 167 2540 δέ
179 2505 207 2540 ναί
219 2506 242 2546 είς
254 2506 275 2541 τὰ
286 2507 330 2541 nonu
341 2506 372 2542 τὸν
383 2504 439 2552 Ἀδάμ
450 2503 472 2547 εἱς
485 2505 502 2541 ἐν
514 2505 638 2551 ῦποδείχματος
649 2505 693 2555 λόχῳ
705 2508 752 2543 εἴποι

31 2578 55 2605 τις
66 2562 184 2610 άναφὲρεσθοιι
195 2563 214 2600 τά
227 2565 346 2609 προκείμενον,
365 2563 401 2600 ἐπεί
412 2564 489 2613 νάιείνος
501 2563 614 2610 προκειμένων
631 2562 678 2614 αὐτῷ
693 2568 753 2612 φυτῶν

31 2620 58 2660 άδ.
72 2621 100 2660 nin.
114 2635 131 2668 μ.
143 2619 220 2670 ῆδάνατο
235 2645 262 2660 -.
288 2633 312 2658 1³.
325 2626 342 2661 V.
356 2637 380 2666 τις
392 2635 424 2661 oin.
438 2637 452 2661 ο,
464 2626 486 2659 λλ.
510 2634 536 2660 1⁵.
550 2626 567 2660 V.
579 2625 650 2671 βονληθ.
663 2637 696 2662 um.
705 2639 719 2663 ο.
728 2630 750 2664 Μ.

32 2688 88 2722 17.V.
101 2680 147 2729 ίίμιος
158 2695 191 2720 unu.
204 2695 219 2718 o.
231 2686 253 2719 Μ.
278 2687 334 2720 19.C.
348 2687 378 2720 in:
397 2681 556 2729 άταγορενθὲνταν.
581 2694 606 2720 ετ.
619 2685 750 2731 ὓδλαάξιοπ,

32 2740 83 2789 αῦτῆς
94 2745 139 2792 βουλ.
169 2751 194 2776 ενΔ
208 2744 270 2779 nuh
290 2740 331 2778 άλλά
342 2743 373 2779 τοῦ
385 2739 474 2790 ἐπιβοῦλον
486 2746 558 2779 πιστωθ.
570 2747 605 2796 τοῖς
616 2744 651 2791 λῦχ.
668 2746 696 2782 ναί
711 2741 751 2784 ’άλον

31 2804 59 2850 τῆς
71 2802 118 2840 imin
142 2806 196 2840 23.οι
209 2801 392 2850 Ματῆςέπιθνμίας,
418 2813 443 2838 ει.
456 2805 475 2838 V.
483 2803 548 2850 χάρέτι
556 2815 588 2839 oin¹
598 2818 611 2842 ο,
620 2810 643 2845 Μ,
669 2817 694 2854 2⁵.
707 2810 751 2851 snio.

32 2870 47 2898 οι
60 2877 74 2903 ο,
87 2868 151 2901 Ciam:
171 2860 201 2899 οῦν
213 2858 271 2909 άπάτῃ
283 2867 325 2904 ταῖς.
349 2866 427 2907 inspic.
441 2868 560 2901 ελοθιειαι
577 2866 702 2912 δοκιμάζοντες,
