1723 3073
201 379 366 436 THEODORI
383 380 602 437 morsvasuaili

389 523 408 549 lli

119 629 254 668 uersantem
266 630 335 668 PAULI
346 631 378 667 Al]
392 630 503 673 flandras
516 629 681 676 COMMENTARH

323 725 476 763 FRAGMENTA.

85 1017 101 1068 l,
117 1019 136 1060 lt.
152 1018 171 1059 5.
203 1013 259 1059 Ataia
279 1014 300 1059 δέ
319 1014 372 1059 ἐστιν
390 1013 414 1059 οὐ
433 1013 493 1073 φύσις
508 1016 529 1060 ἐν
543 1013 651 1060 ὑποστάσει
664 1019 757 1072 γνωριζο-

42 1085 100 1142 μὲοη,
116 1084 166 1131 itit
181 1083 279 1144 διάστημα
294 1085 348 1139 ὅπως
362 1085 410 1131 ποτὲ
424 1086 568 1144 ἐπτοοούμεαοα
582 1084 665 1144 χρόνον,
680 1090 717 1132 εἴτε
727 1106 757 1145 μι-

42 1157 101 1216 αρὸν,
116 1161 154 1203 εἴτε
168 1158 228 1216 μέγα
243 1158 315 1217 μιαρὸν
329 1158 376 1215 μὲν,
392 1157 418 1211 αἱς
433 1159 482 1204 ὅταν
495 1158 532 1218 τὴν
546 1157 643 1217 ἡμετέραν
657 1157 709 1216 ζωὴν
724 1159 757 1204 οὕ-

42 1247 81 1283 τως
98 1233 159 1290 τιαλῇ’
181 1229 192 1276 ὁ
211 1229 261 1276 aido
280 1228 337 1289 ἡμῶν
358 1234 385 1284 εἰς
404 1231 508 1290 φωτισμὸν
526 1236 562 1276 τοῦ
582 1229 691 1289 προσώπου
712 1243 757 1286 σου,

43 1301 92 1361 μέγα
102 1302 132 1360 δὲ,
148 1301 175 1356 οὕς
187 1303 219 1349 ὅτε
232 1303 255 1349 τὸ
270 1307 310 1349 πᾶν
325 1303 423 1361 διάστημα
438 1302 491 1349 οὕτω
506 1303 565 1362 λέγει,
580 1302 603 1348 ad
618 1301 657 1348 απὸ
673 1305 707 1361 τῆς
721 1306 757 1349 τοῦ
776 1322 784 1351 a

42 1374 120 1432 αόσμοο
138 1380 249 1434 καταβολῆς
269 1375 315 1433 ἄχρι
332 1379 367 1434 τῆς
385 1376 478 1434 δευτέρας
493 1381 530 1421 τοῦ
545 1379 633 1433 Χριστοῦ
647 1378 759 1434 παρουσίας

86 1485 185 1520 Theodorus
197 1486 276 1528 epistolas
288 1486 334 1520 Pauli
346 1487 367 1519 ad
379 1485 454 1528 Galatas,
467 1487 559 1530 Ephesios,
573 1485 688 1528 Philippenses
700 1489 716 1519 et
728 1486 758 1521 Go-

42 1545 126 1579 lossenses
138 1548 181 1578 teste
192 1546 276 1580 Ehediesu
287 1549 347 1589 rogatu
358 1547 447 1589 austrasii.
466 1556 493 1579 eas
509 1557 550 1580 vero
566 1557 606 1588 quas
621 1547 641 1578 ad
653 1546 760 1579 Thessaloni-

43 1614 101 1638 censes
112 1606 174 1639 Panlns
189 1606 236 1639 dedit
251 1610 310 1648 rogatu
326 1605 383 1639 lacohi
396 1607 499 1648 explanavit.
523 1606 624 1649 Fragmenta
639 1605 760 1647 desumpsimus

43 1673 63 1697 ex
74 1665 95 1698 l.:
116 1665 188 1699 Catenae
204 1666 221 1699 in
239 1676 252 1699 s.
263 1665 282 1699 P.
295 1675 332 1708 epp.
344 1666 365 1699 ad
377 1666 421 1705 Gal,
438 1666 490 1708 Eph.‚
506 1666 557 1706 Phil,
575 1665 621 1703 Col,
637 1665 711 1698 Thessal.
734 1665 761 1698 Ad

42 1724 93 1758 fidem
109 1726 146 1760 cdd.
161 1735 221 1759 msscr.
237 1727 264 1759 ed.
279 1727 292 1759 1.
310 1726 330 1759 A.
348 1726 422 1760 Cramer.
440 1725 494 1761 Oron.
512 1726 559 1759 1842.
571 1726 586 1759 8.
610 1726 669 1759 Editor
686 1726 760 1758 codicem

43 1785 93 1818 Goisl.
106 1785 164 1826 CCIV,
180 1786 208 1830 qni
221 1789 246 1819 est
257 1787 396 1820 membranaceus
409 1789 426 1819 et
438 1786 491 1820 seculi
503 1786 571 1820 circiter
582 1786 616 1825 xi,
633 1785 760 1820 describendum

43 1838 199 1888 obscurarique
216 1856 248 1888 quo
259 1856 275 1881 r.
287 1847 380 1881 illorrtfauc.
398 1847 434 1881 Cat,
446 1846 487 1879 hihi.
500 1846 549 1880 Coisl.
562 1856 577 1888 p.
590 1847 628 1879 26d.
652 1846 713 1880 Calena
725 1847 761 1888 ipsa

43 1904 115 1937 maxime
124 1912 133 1937 e
142 1904 263 1945 chrysostomo
272 1906 349 1938 contenta
358 1908 383 1937 est
395 1907 412 1937 et
423 1905 443 1937 ad
456 1903 534 1946 epistolas
546 1904 567 1936 ad
576 1903 643 1936 Galatas
655 1908 672 1937 et
680 1905 762 1947 Ephesios

42 1964 141 2007 aliquoties,
158 1964 178 1996 ad
195 1964 268 2007 reliquas
284 1964 364 2006 epistolas
375 1971 447 2007 'semper
464 1969 481 1997 et
493 1965 620 1998 accuratissime
632 1974 652 1998 ea
668 1974 711 2008 qnae
726 1965 762 1997 eius

43 2027 81 2056 sunt
93 2024 170 2057 indicari.
195 2024 228 2057 Sed
240 2027 299 2056 auctor
311 2025 409 2066 saepissime
421 2024 489 2057 nomina
497 2033 556 2057 eorum
568 2025 679 2066 scriptorum,
691 2032 762 2065 quorum

42 2084 95 2115 rerba
107 2082 171 2122 attulit,
189 2083 247 2116 omisit
258 2092 290 2115 nec
302 2083 334 2115 nisi
346 2083 402 2117 verbis
416 2078 464 2121 datos
475 2082 518 2127 φησί
523 2108 527 2126 ,
546 2078 569 2122 οἷς
584 2076 633 2124 ἄλλος
648 2082 691 2128 φησί
705 2087 721 2116 et
735 2083 761 2115 his

43 2143 126 2177 similibus
138 2143 229 2187 indicavit,
242 2152 342 2187 quamquam
354 2144 398 2177 hene
410 2144 474 2183 evenit,
486 2144 530 2187 qnod
539 2144 595 2178 scriba
603 2144 660 2178 nescio
669 2134 705 2187 quis
717 2146 761 2179 eain

42 2203 118 2245 margine
129 2204 173 2236 hand
189 2213 228 2237 raro
240 2204 345 2238 memorarit.
369 2204 418 2246 Quod
434 2204 464 2236 uhi
479 2204 544 2237 factum
561 2204 615 2238 Gram.
630 2205 698 2237 nomina
713 2205 761 2237 uncis

43 2264 155 2307 circumsepta
167 2263 250 2306 adposuit.
274 2264 318 2307 ligo,
335 2263 363 2296 nbi
376 2272 407 2306 per
418 2263 518 2297 sententiam
530 2263 567 2297 iieri
579 2265 642 2307 potnit,
657 2264 762 2298 solummodo

42 2324 137 2367 fragmenta
145 2325 180 2366 ipsa
189 2324 246 2363 attuli,
258 2333 319 2358 nomen
330 2327 346 2357 et
358 2324 419 2366 verha,
432 2332 474 2367 quae
486 2328 556 2358 catenae
567 2328 626 2358 auctor
637 2325 732 2366 praemisit,
745 2325 762 2357 in

43 2386 119 2427 margine
131 2384 218 2418 collocavi.
243 2384 321 2419 Geternm
330 2387 399 2417 catenae
408 2383 516 2417 Theodorum
525 2393 561 2417 esse
569 2385 706 2427 iilopsvestennm
713 2385 763 2428 longe

43 2449 68 2477 est
80 2445 200 2477 certissimum.
225 2445 345 2485 Praeterquam
362 2444 407 2476 enim
423 2443 466 2484 qnod
479 2443 497 2475 in
508 2444 661 2484 subscriptionibus
674 2454 690 2485 p.
702 2444 734 2475 alc
747 2448 764 2475 et

44 2504 116 2538 Catenae
128 2505 145 2538 in
157 2504 175 2536 P.
188 2514 226 2546 epp.
238 2505 259 2537 ad
271 2504 313 2537 Tim.
328 2523 342 2529 -
354 2504 380 2536 ed.
393 2502 462 2536 Cramer
473 2511 489 2543 p.
503 2502 532 2535 111
546 2504 560 2535 is
572 2504 608 2544 ipse
619 2504 646 2536 his
657 2504 763 2546 nominatur,

43 2564 132 2606 perspicue
141 2564 216 2605 carpitur
225 2564 316 2596 verborum
325 2562 430 2595 contumeliis
438 2562 511 2594 auctoris
520 2565 589 2595 catenae
597 2563 686 2596 orthodoxi
697 2573 714 2605 p.
726 2563 764 2597 302.

44 2625 84 2667 309,
101 2629 117 2658 et
133 2624 198 2658 indoles
215 2624 348 2668 fragmentorum
365 2624 401 2665 ipsa
418 2632 486 2666 prorsus
504 2626 530 2656 est
546 2624 647 2664 theodorem
667 2625 696 2658 sed
713 2635 765 2658 nnnm

43 2686 157 2728 fragmentum
169 2684 213 2718 falso
225 2685 309 2718 Theodori
322 2684 384 2716 dicitnr
395 2693 411 2724 p.
424 2682 450 2715 78.
470 2683 500 2716 Est
509 2681 630 2726 chrysostomi.
653 2685 710 2728 Neque
722 2695 763 2718 vero

44 2746 99 2779 minus
111 2746 175 2778 eertum
188 2747 204 2778 et
216 2745 328 2778 indubitatum
340 2752 376 2777 esse
389 2743 447 2782 dehet,
459 2747 526 2785 praeter
538 2753 566 2784 ea,
579 2755 621 2788 quae
630 2745 716 2779 Theodori
728 2755 765 2780 esse

44 2806 130 2848 dicuntur,
143 2805 175 2837 alia
188 2806 269 2838 nonnulla
282 2805 373 2838 theodorea
385 2804 402 2836 in
414 2808 472 2837 catena
480 2804 541 2839 latere.
566 2814 581 2838 a.
595 2806 611 2840 G.
625 2806 652 2840 Cr.
664 2818 680 2850 p.
693 2807 718 2839 te.
731 2805 764 2849 (td.)

45 2866 67 2899 ib.
80 2865 98 2898 C.
111 2866 146 2899 Cn:
160 2860 204 2897 ἔστιν
216 2859 239 2902 ὣς
251 2859 299 2903 ἄλλος
311 2862 367 2906 φησὶν.
392 2872 405 2896 a.
418 2865 444 2896 Ps.
457 2863 488 2905 tu,
501 2864 516 2896 8.
