1723 3073
227 113 248 145 ιν
260 112 383 148 εειενοικω
395 114 424 147 ευ
437 115 547 149 υοωκωοε
725 108 747 144 59

32 219 65 264 καὶ
83 216 132 274 αἷμα
150 220 252 277 βασιλείαν
271 223 322 263 θεοῦ
338 224 487 279 κληρονομῆσαι
506 219 531 265 οὐ
551 219 660 269 δύνανται,
683 216 747 268 οὕτως

33 289 81 347 λέγει
93 287 130 334 τό·
140 321 141 325 ,
153 288 185 335 ὅτε
199 284 249 348 ἦμεν
264 289 285 335 ἐν
299 294 323 350 τῇ
338 293 405 350 σαρκί,
427 291 471 338 άντί
484 297 531 338 ταδ’
553 292 585 338 ὅτε
599 285 649 349 ἦμεν
663 288 746 347 θνητοί,

32 362 54 405 ἐν
66 360 199 418 ’σαρκὶλίγων
209 359 259 405 εἶναι
270 360 292 404 τδ
303 360 353 406 εἶναι
365 363 462 421 δντχτοός·
477 364 524 416 τοδς
538 363 577 422 γάρ
592 358 748 410 πεπιστευκότας

33 436 123 493 Χριστῷ,
138 433 171 477 καί
185 432 223 491 τὴν
237 433 281 491 περὶ
295 437 340 491 τῶν
349 435 461 491 μελλόντων
476 436 592 493 ἐπαγγελίαν
606 434 645 493 ἤδη
664 442 747 490 κομισα-

33 504 115 562 μίυους,
130 504 215 563 καὶμὴν
229 505 262 550 καί
276 509 313 550 τοῦ
327 504 392 551 τόπου
406 511 441 564 τῆς
456 508 477 551 ὲν
491 511 519 568 τῷ
528 509 652 566 βαπτίσματι
666 504 747 564 χάριτος
765 520 773 548 ε

32 576 201 629 καταξιωθέντας,
217 576 254 622 οὐκ
269 577 298 622 ἔτι
311 580 408 634 λογίζεται
423 577 473 623 εἶναι
487 578 584 636 δνιχτοάς,
599 578 649 623 ὅθεν
662 572 695 622 καί
704 594 746 622 κοι-

32 647 137 705 μωμίνους
151 649 173 693 ἐν
182 653 206 708 τῇ
217 648 267 709 πρὸς
279 654 429 701 Θεσσαλονικεῖς
443 654 499 694 καλεῖ
511 650 559 703 τούς
573 649 752 708 άπαθνήσκοντας.’

36 717 85 764 Τότε
99 722 168 765 τοίνυν
182 720 215 765 τὸ·
237 720 262 766 τά
276 720 387 778 παδάματα
401 724 441 764 τῶν
456 719 558 780 ἁμαρτιῶν
576 721 600 767 τά
615 721 648 766 διά
662 725 699 765 τοῦ
713 719 748 765 νό-

34 790 189 849 μουίνεργείτο
210 791 232 836 ἐν
251 797 293 844 τοῖς
306 791 385 849 μέλεσιν
401 790 464 850 ἡμῶν.
488 791 564 852 Ὥσπερ
583 791 671 852 διάφορα
689 790 747 849 πάδη

34 866 61 923 τῷ
82 862 157 920 σάματι
174 867 202 923 τῷ
221 862 307 924 ἡμετέρῳ
326 866 443 920 συμβαίνειν
461 863 559 920 πέφυκεν,
581 863 619 910 κάν
638 864 665 922 μὴ
682 863 774 910 πάνταιι

34 937 83 978 πάσι
97 935 146 993 μηδὲ
158 935 243 980 πάντοτε
254 935 362 994 ἐγγίνηται,
378 935 430 980 οίίτω
439 927 472 980 καί
482 933 584 995 άμαρτιείν
594 934 682 994 διάφορα
691 933 748 992 πάδη

34 1006 123 1064 πέφυκεν
137 1005 185 1065 ἡμῖν
199 1008 298 1065 ἐνοχλεῖν,
320 1006 359 1052 κάν
374 1007 400 1065 μὴ
415 1006 480 1053 πάντα
495 1007 549 1071 παρά
563 1009 652 1053 πάντων
663 1008 748 1064 ἐπιτελῆ,

35 1094 75 1129 ται,
91 1078 140 1135 μηδὲ
154 1077 248 1125 πάντοτε·
269 1076 297 1131 σάς
310 1078 349 1137 γάρ
363 1078 414 1124 κατά
427 1079 451 1124 τό
466 1085 521 1137 σῶμα
536 1077 547 1125 ὁ
562 1079 598 1137 μὲν
611 1074 682 1137 ἦττον,
700 1075 711 1123 δ
726 1077 749 1123 δὲ

35 1153 111 1207 μάλλον
125 1156 167 1204 τοῖς
181 1151 255 1197 πάθεσι
270 1153 392 1208 περιπίπτει,
408 1151 460 1197 υίίτω
470 1153 503 1197 καί
513 1153 593 1198 ἐπὶτῶν
603 1149 749 1208 ἁμαρτημάτων

37 1220 48 1266 ὁ
62 1221 99 1278 μὲν
113 1223 205 1278 πλείονα,
222 1221 232 1267 δ
248 1221 269 1266 δὲ
279 1221 374 1267 ἐλάττονα
384 1222 510 1280 ἁμαρτάνειν
524 1222 603 1281 Ἐπειδὴ
612 1224 682 1267 τοίνυν
694 1220 749 1280 νόμῳ
758 1237 776 1265 ιι

36 1294 75 1338 τινά
89 1292 113 1339 τά
128 1291 258 1353 ἁμαρτήματα
273 1296 369 1352 κρίνεται,
385 1298 423 1340 είτε
437 1295 487 1341 κατά
496 1295 533 1354 τὴν
543 1295 630 1354 φυσικὴν
644 1293 750 1351 διάκρισιν,

37 1367 74 1410 είτε
94 1364 144 1411 κατά
162 1365 196 1419 τάς
215 1365 415 1424 δεδαμίναςὲξωδεν
433 1366 541 1423 διατάξεις,
563 1372 622 1414 τοῦτο
637 1365 698 1423 λίγει,
721 1363 752 1410 ὅτι

36 1436 101 1482 πάντα
120 1442 159 1483 τάν
178 1437 280 1497 ἁμαρτιῶν
298 1438 323 1484 τά
337 1437 405 1496 πάδιχ,
421 1438 459 1485 ὅσα
473 1456 509 1498 περ
524 1439 579 1501 νόμῳ
596 1440 635 1484 τινί
652 1436 752 1497 διακρινό-

37 1527 87 1566 μενα
102 1510 214 1567 ἐγγίνεσθαι
230 1509 278 1569 ἡμῖν
293 1513 408 1568 συμβαίνει,
425 1511 476 1556 ’όταν
489 1529 509 1555 τι
522 1511 577 1570 παρά
591 1510 614 1556 τὸ
629 1509 753 1569 φαινόμενον

36 1579 95 1639 ἡμῖν,
110 1581 123 1640 ἢ
138 1582 293 1641 διηγορευμένον
307 1581 370 1627 καλὸν
385 1582 561 1640 διαπραττοίμεδα,
576 1586 639 1628 ταῦτα
649 1581 674 1639 δὴ
688 1581 780 1626 πάντανι

38 1655 70 1698 καὶ
85 1653 191 1711 ἐπράττετο
206 1652 251 1711 παρ’
266 1652 331 1711 ἡμῶν·
347 1657 380 1699 ίνα
391 1657 446 1713 είπχχ,
462 1654 492 1700 ότι
506 1656 578 1713 δυχτοὶ
592 1653 629 1712 τὴν
643 1652 706 1712 φύσιν
721 1652 755 1698 όν-

38 1743 69 1778 τες
82 1727 115 1771 καί
129 1728 173 1785 περὶ
188 1726 210 1772 τό
226 1725 348 1785 άμαρτάνειν
362 1726 439 1785 πολλὴν
454 1727 487 1773 διά
501 1731 561 1773 τοῦτο
575 1726 612 1784 τὴν
624 1724 690 1783 ῥοπὴν
700 1725 753 1783 ἕχον-

38 1815 78 1851 τες,
94 1797 148 1843 άπαν
163 1797 216 1851 εἶδος
231 1800 360 1856 ἐπετελοῦμεν
370 1788 477 1856 άμαρτίας,
492 1802 579 1856 καίτοιγε
593 1797 700 1856 διαφόροις
713 1803 755 1850 τοῖς

38 1869 109 1928 νόμοις
122 1870 275 1929 παιδευόμενοι,
296 1865 325 1916 οἷν
342 1869 451 1930 άπίχεσδαι
468 1876 571 1930 προσῆκον
588 1865 613 1930 ἦν
627 1868 686 1929 ἡμᾶς,
715 1871 756 1915 Καὶ

39 1945 58 1986 τί
71 1941 94 1986 τὸ
109 1943 204 1988 ἐντεῦθεν
221 1941 337 1999 γινόμενον
359 1946 386 1994 είς
404 1943 426 1987 τό
444 1948 600 2002 καρποφορῆσαι
618 1947 645 2004 τῷ
663 1942 782 2003 δονάτῳςντ

41 2014 100 2071 Λέγει
118 2015 149 2067 δὲ,
170 2014 200 2059 ὅτι
218 2015 312 2059 ἐντεῦθεν
330 2012 378 2071 ἡμῖν
396 2015 525 2072 ἐπεσφίγγετο
544 2019 580 2060 τοι]
595 2013 687 2059 θανάτου
702 2012 714 2072 ἡ
729 2031 756 2058 τι-

40 2090 116 2145 μωρίαΙ
137 2085 164 2139 τίς
180 2087 219 2144 γάρ
237 2084 278 2131 άπὸ
295 2090 330 2144 τῆς
348 2086 472 2144 δννχτότκχτος
490 2090 570 2145 μείζονα
584 2091 621 2133 τοῦ
636 2086 757 2145 ἁμαρτάνειν

40 2158 77 2216 τὴν
91 2159 194 2217 ἐνόχλησιν
208 2158 343 2216 ὑπεμένομεν,
364 2158 428 2212 οὕτως
443 2158 454 2218 ἦ
469 2162 554 2219 τιμωρία
572 2158 613 2205 άπδ
627 2163 664 2204 τοῦ
680 2160 757 2203 πταίειν

40 2229 89 2289 ἡμῖν
104 2232 240 2290 ἐπεσιμίγγετο,
261 2233 294 2276 καί
309 2229 320 2278 ὁ
334 2230 397 2289 νόμος
411 2231 472 2278 οὐδὲν
486 2230 539 2291 ἡμᾶς
556 2231 640 2291 ὠφελεῖν
658 2229 756 2289 ήδιίνατο,

41 2302 160 2350 τούναντίον
175 2304 196 2349 δὲ
211 2306 244 2350 καὶ
259 2302 406 2363 άμαρτιχμάιων
421 2305 507 2363 ἐγίγνετο
517 2304 623 2363 πρόξενος,
638 2302 704 2361 ἐπειδὴ
714 2308 757 2355 ταῖς
765 2324 784 2353 30

41 2377 179 2435 διαγορεάσεσι
193 2378 290 2423 τάναντία
304 2377 469 2436 διεπραττόμεδα,

82 2451 132 2505 Vll,
148 2454 166 2494 6.
195 2447 253 2493 Ἀλλά
268 2448 333 2493 πάντα
347 2453 397 2505 νῦν,
418 2450 477 2508 φησὶ,
493 2449 640 2507 μεταβέβληται.
673 2451 705 2509 Τῷ
719 2447 759 2505 γάρ

42 2523 78 2584 βίῳ
97 2520 162 2583 τούτῳ
180 2521 247 2579 νεκροί
266 2518 386 2578 γεγόναμεν,
409 2517 425 2583 ᾧ
444 2520 468 2579 δίχ
486 2521 617 2580 τυγχάνοντες
638 2519 704 2580 όίσπερ
718 2518 760 2566 ὑπό

42 2612 97 2647 τινος
107 2592 195 2651 άνάγκιχς
204 2591 337 2652 κατειχόμεθα
352 2596 380 2646 είς
393 2593 416 2639 τό
431 2597 458 2655 τῷ
472 2591 529 2655 νόμῳ
543 2591 694 2638 πολιτεύεσθαι·
711 2592 760 2639 ὅθεν

88 2705 258 2747 1.1cor.15,50.
283 2713 298 2737 ε.
312 2707 329 2739 V.
342 2700 360 2738 ἐν
371 2703 391 2749 τῇ
403 2713 416 2737 σ,
429 2709 445 2738 α’.
457 2717 471 2738 τ.
484 2698 498 2739 ά.
510 2696 552 2749 ἦμεν
565 2716 597 2739 om.
609 2705 654 2747 spic.
680 2706 760 2747 κόμαι

44 2760 62 2798 ἓν
77 2763 164 2811 τῇσαρτί.
195 2768 229 2797 7.1
247 2766 305 2798 Thess.
319 2765 339 2808 λ,
355 2764 375 2796 13
392 2774 415 2797 ss.
440 2765 522 2808 &Spiffl
539 2763 564 2804 τί,
580 2766 624 2799 unde
636 2767 708 2799 fortasse
720 2766 761 2799 scri·
820 2795 821 2799 ,

44 2826 126 2860 bendum:
144 2822 163 2859 τό
176 2836 193 2859 τε
205 2824 262 2859 τοίνυν
273 2823 290 2858 τί
304 2836 329 2866 -;
360 2825 452 2858 11.Lihri:
469 2821 554 2870 ἐγγίνεται,
583 2836 608 2860 τι.
621 2827 639 2860 V.
651 2825 681 2861 καί
692 2826 761 2862 εδεελε

45 2897 58 2920 υ.
71 2888 126 2922 eram.
152 2895 176 2923 ιε,
189 2886 243 2929 Spin.¹
257 2896 271 2920 υ.
285 2886 339 2923 Eram.
352 2896 366 2927 μ,
379 2884 405 2918 83.

185 3018 190 3034 Ι
